3014 4826
247 313 336 366 xxva
542 326 548 336 »
578 289 1025 384 monumentorum.

333 459 524 532 Nostra-rere
546 457 690 532 hanslntio
710 462 855 536 smtentiis
879 461 989 552 quidem
1011 461 1048 534 ad
1063 461 1199 532 &aecae
1219 461 1354 532 historiae

240 559 352 641 iidem,
381 563 492 642 verbis,
520 577 552 629 at
564 563 653 628 modis
667 563 704 630 nd
724 564 851 631 Latinam
868 565 1092 637 conmutudinem
1114 565 1187 653 aptis
1200 567 1354 652 composita

139 673 163 726 v
180 673 233 730 276
250 677 301 732 ost.
327 687 330 694 ⁴
343 667 376 731 ld
391 689 481 755 genos
496 665 693 752 interpretandi
708 689 769 736 oum
782 667 966 757 Hieronymo,
992 691 1028 736 aa
1042 668 1173 736 uniuersa
1194 667 1354 753 antiquitate

248 769 379 856 optimum
398 782 479 860 pnto;
504 779 532 832 et
551 767 577 832 si
602 766 746 836 historiam
767 754 976 858 interpretaris,
1009 769 1038 836 id
1058 769 1178 837 mxime
1204 770 1354 836 movedire

130 917 132 923 .
245 892 366 936 comeo:
402 867 522 956 deniqne
543 868 568 934 si
588 869 665 936 cuiue
693 870 809 938 alterius
828 871 991 958 scriptoris,
1021 871 1151 958 Procopii
1171 885 1249 940 corte
1269 872 1355 960 utplus

246 973 303 1038 hoc
321 973 350 1038 in
366 971 462 1060 primis
473 973 619 1059 requirere
632 995 745 1062 semper
759 973 834 1040 risos
845 985 888 1040 ost
901 973 988 1051 mihi,
1011 973 1088 1040 caius
1106 973 1223 1040 formam
1243 973 1355 1069 dicandi

246 1075 411 1162 adspectas,
438 1095 474 1140 ea
487 1074 647 1162 sophisticis
663 1089 772 1165 compta
794 1089 838 1142 ast
857 1077 1016 1154 lenociniis,
1042 1075 1194 1163 Atticisqua
1212 1075 1356 1164 leporibus

246 1177 284 1240 ad
302 1177 515 1242 ostentationem
539 1177 684 1255 instructa,
720 1202 814 1268 aquo
840 1179 973 1248 orationis
995 1177 1091 1248 habitu
1110 1179 1209 1244 Latina
1230 1178 1354 1268 gravitas

169 1352 173 1362 Ι
248 1275 413 1364 praesertim
431 1279 459 1344 iu
472 1278 588 1344 historia
603 1303 685 1368 qoam
706 1281 858 1346 abhorreat
882 1303 964 1348 nemo
982 1279 1078 1343 nescit.
1122 1277 1355 1366 Operaepretium

248 1401 305 1444 non
318 1393 361 1444 est
375 1381 467 1446 omnia
482 1393 648 1458 retrusam
676 1385 727 1446 sud
740 1384 808 1448 nihil
821 1397 948 1474 gustum,
975 1382 1129 1470 laetumque
1148 1381 1299 1470 Procopius
1312 1382 1354 1444 dl·

249 1481 303 1558 cit,
331 1481 384 1546 nisi
405 1505 458 1570 per
470 1507 548 1548 mam
563 1483 638 1548 illam
660 1499 821 1574 perpetuam
844 1485 1033 1574 periphrasin,
1058 1497 1087 1554 ut
1103 1483 1194 1548 mutim
1214 1484 1242 1548 ia
1264 1483 1356 1547 lronta

249 1583 326 1674 legis
349 1583 419 1652 odda
441 1588 584 1672 γενέσθαι
614 1589 805 1672 ξυνηνέχθη,
845 1587 973 1672 ξυνέβη,
1010 1587 1172 1666 huiusce,
1204 1581 1355 1669 τετύχηκε.

159 1681 182 1736 Α
198 1681 233 1738 16
249 1685 312 1751 Neo
325 1687 412 1754 minus
427 1687 569 1753 oll'ondunt
584 1687 611 1750 in
636 1699 692 1754 tam
707 1689 784 1754 claro
804 1689 941 1776 scriptore
958 1689 1090 1754 orationis
1111 1687 1177 1756 illae
1191 1689 1355 1775 particulae,

248 1812 321 1876 quae
336 1789 437 1876 passim
451 1789 617 1866 redundant,
647 1789 738 1876 potius
752 1793 789 1864 ad
803 1791 896 1856 lovem
911 1791 1045 1878 quendam
1069 1802 1193 1856 umatum
1215 1790 1356 1876 Sophistis

249 1889 420 1978 equisitae,
450 1890 589 1977 quemad
611 1891 774 1958 historicam
794 1885 969 1982 graiitatem.
1013 1891 1165 1958 Praeterea
1186 1904 1274 1956 scatet
1295 1893 1356 1958 eins

248 1993 339 2058 oratio
353 1991 580 2080 frequentissimis
593 1991 813 2072 oausirionthus,
842 2007 870 2060 et
885 1989 1018 2082 epilogio¹
1029 1995 1065 2058 ad
1080 1993 1257 2072 brevissimae
1273 2017 1355 2082 quas·

248 2115 304 2180 qne
325 2095 550 2162 narratiunculas.
592 2095 653 2160 lluc
672 2097 805 2162 accedunt
833 2097 900 2173 illa,
930 2117 1002 2183 quaa
1022 2093 1147 2160 Asiatico
1165 2097 1279 2164 ,dicendi
1301 2119 1355 2186 ge·

246 2198 373 2264 neravel
394 2221 449 2262 non
464 2211 618 2284 opportuna
639 2197 772 2274 inculcat,
795 2197 986 2286 vollougiora
1000 2198 1147 2264 verboruma
1162 2201 1263 2266 ambitu
1284 2201 1355 2264 dila·
1495 2179 1496 2220 l

247 2307 295 2366 tat.
338 2299 482 2378 Quaedam
497 2302 580 2366 etiam
594 2321 658 2365 esse
672 2299 701 2364 in
715 2300 769 2363 hac
783 2299 899 2364 historia
913 2302 1015 2379 video,
1043 2323 1116 2390 qnae
1140 2305 1183 2384 (ut
1203 2301 1230 2366 in
1245 2301 1356 2389 scriptis

245 2399 420 2480 sinendo'uouc
440 2401 601 2490 plerumque
627 2401 747 2478 accidit,
778 2414 807 2465 et
831 2401 868 2466 de
897 2403 955 2471 suis
979 2403 1099 2470 ullumat
1125 2389 1246 2486 Tullios)
1266 2403 1356 2470 miuus

245 2503 385 2590 perpolita
406 2505 553 2592 limataqoe
581 2505 654 2569 sint:
684 2525 753 2568 sane
769 2502 798 2568 in
819 2503 875 2568 hoo
896 2505 1061 2570 brevissimo
1081 2506 1178 2570 libello
1197 2505 1357 2570 sexcenties

244 2607 392 2691 repetitam
414 2607 505 2671 hahes
526 2607 601 2672 illam
625 2627 725 2672 vocem
748 2611 906 2691 lqt‘dopos,
935 2629 972 2672 na
999 2609 1089 2674 dicam
1114 2609 1152 2672 de
1180 2607 1255 2683 aliis;
1282 2629 1355 2694 quaa

244 2707 339 2772 omnia
359 2707 383 2772 si
401 2709 501 2772 Latina
522 2709 660 2774 modestia
681 2721 710 2774 et
730 2709 902 2797 gravitates
920 2731 966 2774 me
984 2721 1140 2795 temperata
1163 2721 1237 2786 sunt,
1271 2709 1355 2796 aequi
1494 2711 1495 2746 u

245 2807 366 2896 bonique
381 2809 409 2876 id
425 2813 548 2876 consolat
560 2813 680 2890 hector,
706 2810 750 2876 eni
771 2823 800 2876 ut
812 2811 897 2876 didam
915 2811 984 2875 dara
1001 2809 1146 2878 historiam
1166 2810 1216 2876 tuit
1237 2809 1352 2886 animus,

245 2909 285 2974 ita
298 2935 354 2975 uon
369 2909 489 2998 inoptam
503 2915 656 2980 curavimus
671 2912 938 3000 interpretationem.

12 3015 13 3020 ’
140 3023 233 3079 PXX
334 3015 451 3080 Nostros
483 3016 511 3080 in
546 3017 625 3081 calca
656 3015 722 3082 lihri
752 3015 841 3081 Notas
869 3015 1039 3094 addidimus,
1081 3038 1186 3104 easque
1215 3013 1355 3101 duplices;
1379 3051 1383 3062 ·

249 3115 415 3192 Censorias,
444 3114 541 3205 quihus
563 3119 701 3182 Graecam
729 3131 885 3180 aomextmn
909 3114 1017 3179 mendis
1037 3117 1231 3191 emaculatum,
1261 3115 1354 3201 quoad

250 3217 313 3283 lieri
336 3220 442 3306 potuit,
472 3219 628 3286 nitidiorem
661 3217 792 3306 legerem
816 3215 985 3292 Historicas,
1013 3215 1110 3300 quibos
1137 3215 1293 3284 umveroam
1316 3215 1353 3281 de

249 3319 397 3385 lastiniano
420 3322 561 3388 historiam
581 3321 743 3394 illustratam
760 3331 788 3384 et
802 3315 990 3382 confirmatam
1008 3315 1141 3382 haheres.
1184 3319 1353 3406 Deniquein

147 3453 150 3461 ¹
250 3423 307 3486 hoo
320 3421 465 3496 libatione
480 3422 660 3490 testimonium
676 3419 842 3506 antiquitatis
857 3418 994 3504 iidemque
1009 3419 1197 3498 desiderares,
1228 3421 1353 3492 Suidisni

249 3539 279 3592 et
292 3525 419 3594 Vaticani
435 3527 546 3594 Codicis
561 3523 737 3590 collationem
756 3520 822 3584 hino
841 3519 905 3583 indo
920 3520 1081 3609 decerptam
1102 3521 1266 3598 adiecimus;
1289 3547 1352 3588 nam

248 3649 286 3691 ex
302 3628 399 3713 priscis
413 3629 552 3702 omnihus,
575 3637 603 3690 ut
618 3623 685 3688 alibi
708 3621 780 3698 dixi,
806 3643 875 3686 imos
894 3621 996 3686 Saldae
1017 3624 1090 3690 hanc
1110 3626 1181 3714 legit
1199 3627 1350 3704 historiam,

249 3731 322 3816 qood
338 3731 421 3794 etiam
435 3751 471 3792 ox
485 3731 563 3796 luisse
580 3739 703 3790 veterum
717 3724 865 3800 Actorum,
891 3724 937 3812 qui
962 3725 1107 3814 Procopii,
1134 3729 1248 3816 eiusque
1265 3729 1350 3794 lihro·

249 3854 309 3895 rum
322 3830 513 3909 meminerunt,
542 3828 703 3896 testimoniis
720 3824 812 3892 ohiter
833 3823 994 3918 intelligere
1010 3841 1100 3916 potes.
1184 3873 1187 3878 -

652 4091 954 4107 *m
