2992 4826
504 289 648 364 NOTAE
672 291 895 363 suminam.
1177 293 1254 366 369

144 459 239 520 niceti
257 455 317 518 tibi
337 454 413 518 deus
435 477 536 519 annos
560 477 727 542 cumpace
746 451 910 532 οοποεᾰαις
937 477 1012 519 nam
1038 457 1128 518 illiue
1156 467 1255 520 nona'.

143 547 241 626 ginta
263 553 291 602 et
313 545 450 646 amplius
471 545 549 605 anni
564 545 709 626 suerunt,
735 541 901 608 Theodosii
919 565 989 606 vero
1011 549 1252 628 quinquaginta.

145 631 209 690 Pro
236 639 308 690 nota
336 622 354 694 't
391 649 504 712 repono
525 649 588 691 uon
610 627 810 708 dissimilem,
839 627 1000 713 eidemque
1026 633 1200 712 proximam
1221 635 1256 690 in
1335 665 1340 678 ·

146 713 255 775 ordine
276 735 471 776 numerorum
489 739 527 789 π,
547 725 589 776 'ut
610 719 674 790 siut,
692 717 765 776 anni
785 717 956 796 octoginta3
983 735 1090 777 vereor
1111 719 1194 778 enim
1215 738 1255 776 ne

147 802 182 858 in
211 821 247 859 eo
277 800 393 862 scholio
419 799 567 862 mendum
594 803 650 880 sit,
689 804 740 862 vel
766 803 799 861 in
827 805 1012 863 Venetorum
1039 803 1255 862 acclamatione

148 883 294 946 adulatio.
337 890 416 947 Nam
443 898 478 949 ut
499 890 663 968 nonaginta
684 889 842 950 Iustiniani
868 889 949 948 vitas
976 907 1070 948 annos
1100 899 1256 970 compute-

148 991 229 1048 mus,
251 970 383 1032 addendi
404 985 474 1033 sunt
488 969 528 1032 ad
540 987 651 1034 novem
672 983 762 1056 atque
775 973 898 1054 triginta
920 976 985 1034 eius
1006 975 1136 1054 imperii,
1158 991 1264 1034 unum*

149 1068 181 1116 et
202 1060 439 1140 quinquaginta:
468 1061 553 1142 atqui
580 1061 678 1118 virum
704 1061 794 1120 unius
816 1069 846 1118 et
868 1061 1087 1142 quinquaginta
1108 1065 1257 1119 annorum'

148 1153 250 1202 aetate
275 1147 428 1204 iuniorem
453 1145 618 1226 Procopius
644 1147 772 1204 minime
802 1144 942 1206 dixisset.
988 1146 1195 1226 Quarnquem,
1221 1155 1257 1206 ut

147 1229 240 1308 plane
260 1229 366 1311 liquet,
388 1249 450 1289 non
472 1240 539 1288 tum
559 1241 658 1290 aetate
678 1231 828 1290 iuniorem
848 1231 942 1290 inisse
964 1227 1036 1289 dicit
1055 1233 1257 1290 lastinianum

147 1316 324 1395 Procopius,
346 1335 416 1374 omn
439 1317 549 1376 Caesar
570 1314 737 1376 declaratus
760 1327 824 1391 est;
843 1317 898 1378 sed
920 1335 990 1374 cum
1010 1317 1126 1396 inipso
1148 1317 1257 1375 lustini

147 1401 335 1482 principatus
365 1399 490 1462 exordio
519 1423 575 1482 per
600 1403 775 1477 licentiam,
806 1403 857 1462 vel
886 1401 1036 1461 avunculo
1063 1405 1256 1484 pemittente
1272 1402 1298 1456 Δ
1313 1402 1349 1458 22

148 1486 209 1544 sibi
230 1485 521 1556 administrationem
541 1489 662 1568 imperii
683 1488 832 1547 sumebat.
874 1485 1000 1560 Quando
1023 1491 1174 1570 ιιοαταιοῖς
1198 1481 1258 1550 οἷν·

147 1571 258 1650 τιίχετο
279 1575 335 1652 τῆς
354 1573 522 1650 πολιτείας,
551 1594 622 1632 cum
638 1583 790 1656 potestate
810 1571 1030 1653 rempublicam
1054 1572 1196 1652 gerebat,
1222 1581 1258 1631 ut
1307 1565 1312 1588 ⁴

149 1657 281 1736 cyrillus
310 1655 576 1742 Scythopolitanus
605 1659 749 1742 loquitur.
791 1657 882 1718 Tunc
909 1678 980 1724 uero
1008 1669 1157 1742 quantum
1183 1677 1259 1716 con-

148 1741 264 1802 iectura
288 1745 408 1826 assequi
434 1763 631 1825 possumus,·
646 1745 771 1804 tertium
797 1755 827 1802 st
853 1743 1045 1823 trigesimum
1074 1745 1179 1802 aetatis
1201 1763 1258 1800 an-

148 1846 225 1886 num
249 1831 432 1888 lastinianus
463 1830 581 1910 agebat.
629 1831 709 1888 Nam
737 1828 793 1888 suh
821 1827 914 1890 finem
941 1829 1092 1890 Anastasii
1119 1827 1260 1888 domina·
1326 1833 1328 1838 '

148 1921 199 1972 tus
222 1915 403 1994 Byzantium
423 1919 542 1976 venhsa
566 1917 767 1974 lastinianum
794 1917 957 1994 trigenario
983 1917 1130 1974 maiorem'
1152 1911 1260 1974 Theo-

149 1995 253 2077 philus
276 2003 340 2059 eius
360 2011 537 2082 praeceptor
556 1999 697 2059 affinnst.
742 2003 777 2058 In
799 2001 926 2060 obscuro
934 2000 1066 2082 quidem
1086 2010 1132 2059 est
1152 2019 1259 2076 annus,

150 2095 181 2142 et
209 2086 397 2159 consulatus3
428 2085 492 2145 dies
519 2105 591 2144 sero
612 2087 771 2144 lastiniani
796 2087 951 2145 natalitius
979 2087 1038 2146 tuit
1059 2088 1165 2167 quinto
1186 2081 1285 2154 Idus,

98 2193 100 2198 ¹
148 2170 239 2246 Maii,
272 2169 421 2252 ludosque
443 2191 479 2230 ea
506 2168 556 2230 die
578 2171 761 2246 celebratos,
790 2168 873 2251 apud
893 2167 1117 2252 Theophanem
1139 2166 1259 2230 notatos

148 2252 244 2315 hahes
267 2255 306 2314 ad
327 2277 442 2316 annum
462 2257 646 2336 vigesimum
664 2260 814 2338 primum,
843 2263 876 2334 'set
900 2259 1085 2336 vigesimum
1106 2267 1258 2315 octavum.
1315 2318 1318 2323 ,
1349 2255 1353 2311 .’

148 2339 324 2399 Ridiculum
351 2353 397 2400 est
418 2351 625 2400 conunentum
653 2343 824 2420 interpretis
846 2339 886 2403 ad
913 2361 949 2400 ea
971 2343 1061 2400 verba
1085 2341 1197 2402 Suitlne
1226 2343 1258 2398 in

149 2443 223 2482 voce
242 2423 449 2506 Ῥομβογὲρων.
493 2421 561 2503 Hoc*
583 2419 640 2492 κδ’.
663 2423 682 2487 c‘
701 2421 735 2488 bl
750 2417 960 2501 Ἰοαστινιανὸς
981 2424 1001 2489 o‘
1023 2421 1163 2503 βασιλεῦς
1184 2449 1260 2506 τυμ-

116 2555 121 2569 .
149 2507 285 2592 βογὲροεν
306 2501 348 2589 ἦν
368 2505 442 2589 ἤδη.
485 2509 556 2568 Νοπ
578 2517 710 2586 constat,
738 2510 855 2589 iuquit,
884 2508 965 2588 quid
983 2510 1044 2570 sibi
1071 2512 1164 2568 velint
1184 2509 1260 2567 isaeo

143 2590 210 2675 ’πρό
231 2587 287 2656 scd.
310 2591 347 2652 id
366 2603 420 2670 est,
442 2604 513 2652 ante
532 2595 646 2674 viginti
666 2605 820 2674 quatuor:
841 2595 968 2654 fortasse
988 2593 1163 2678 legendum,
1186 2591 1204 2659 ὁ
1225 2592 1259 2657 δὲ

151 2675 293 2761 βασιλεύς
318 2673 524 2764 Ἰουστινιααὸς
549 2675 610 2763 septi
636 2673 691 2743 ed‘.
714 2679 791 2743 ἐτοῖν
817 2669 860 2758 ἦν
879 2680 1088 2766 τομβογὲρῳν,
1117 2681 1175 2756 troc
1204 2690 1258 2754 est,

151 2765 347 2826 lastinianus
370 2775 470 2823 autem
494 2767 660 2846 imperator
681 2776 753 2824 ante
773 2767 955 2845 vigesinuem
976 2778 1125 2848 quartum
1147 2769 1260 2824 aetatis

152 2871 268 2910 annum
297 2861 362 2907 erat
395 2852 459 2908 iam
491 2861 526 2908 ut
555 2871 642 2910 senex
671 2849 850 2930 decrepitus.
892 2855 1016 2930 Nugae3
1049 2850 1159 2912 Suidas
1189 2853 1260 2908 citat

153 2932 244 2993 huius
272 2931 415 2993 historiae
443 2933 535 2994 verba
565 2933 604 2992 'ad
630 2955 662 3015 p.
684 2937 737 2998 29.
779 2931 896 2993 Deinde
919 2934 957 2994 de
977 2937 1092 2996 Iustino
1113 2937 1365 3016 loquitur,P105

152 3039 214 3079 non
244 3017 282 3078 ds
308 3021 486 3078 Iustiniana.
528 3019 651 3094 Tertio,
683 3019 775 3078 dictio
804 3017 1042 3100 compendiaria,
1078 3041 1171 3102 quam
1202 3023 1259 3078 iste
1353 3029 1357 3038 ‘

153 3107 356 3164 uulnerariam
377 3113 481 3164 notam
501 3105 721 3185 interpretatur,
744 3107 882 3187 Procopii
902 3108 1033 3167 nominIs
1056 3105 1154 3188 (cuius
1168 3105 1259 3166 rerba

138 3189 294 3270 tcitantur)
317 3187 530 3268 compendium
551 3201 615 3266 est;
638 3193 679 3248 ita
701 3193 814 3268 Hponb.

236 3279 272 3336 P.
292 3273 344 3352 45,
366 3275 419 3339 10.
464 3275 527 3354 Qui
547 3295 700 3335 summam
721 3273 937 3335 moclerabatur
958 3277 1097 3356 imperii]
1127 3273 1163 3334 ld
1185 3295 1259 3334 con·-

154 3369 212 3422 stat
232 3383 272 3420 ex
293 3363 375 3437 loco,
404 3379 496 3440 quem
516 3363 608 3440 paulo
631 3371 700 3420 ante
721 3359 843 3420 laudavi
865 3361 888 3421 l.
915 3365 929 3424 l
954 3359 992 3419 de
1013 3361 1085 3420 bell.
1107 3361 1205 3420 Vaud.
1228 3369 1259 3420 et

155 3449 275 3508 exalia
304 3448 326 3507 l.
351 3451 367 3510 1
397 3443 436 3505 do
457 3445 549 3504 aedis.
571 3447 625 3504 ubi
646 3449 894 3506 restaurationem
921 3447 1028 3525 templi
1047 3443 1259 3504 Blacherninni

155 3551 172 3590 a
193 3534 307 3592 Iustino
327 3532 440 3590 sectam
459 3533 624 3592 Iustiniano
645 3533 750 3611 nepoti
770 3533 906 3592 tribuens
925 3533 1105 3611 Procopius,
1133 3535 1176 3590 sic
1194 3551 1260 3590 rem

156 3629 297 3692 excusat,
327 3617 409 3700 quod
431 3620 463 3676 in
485 3617 639 3700 impressis
661 3634 721 3676 non
742 3613 881 3676 hahetur.
925 3610 1010 3701 αὐτῷ
1030 3613 1087 3698 yoip
1108 3613 1262 3698 λογιστέον

155 3699 208 3764 trel
228 3699 265 3763 nl
284 3697 434 3792 toontvp
457 3700 636 3786 εἰργασμένα
655 3705 697 3786 epi
714 3703 800 3787 θείῳ,
822 3699 888 3766 insi
909 3699 961 3764 eal
983 3693 1080 3764 adecti
1098 3697 1155 3783 τήν
1171 3703 1261 3782 βατι-

155 3787 239 3852 λείαν
265 3781 333 3850 κατ’
355 3787 495 3865 εξουοίαν
519 3780 609 3862 arisbe
636 3785 783 3872 διῳκεῖτο.
827 3788 911 3848 Nam
930 3787 1123 3858 Instinicno,
1151 3787 1260 3868 inquit,

155 3869 358 3932 adscribenda
376 3884 448 3933 eruet
468 3873 584 3934 Iustini
605 3871 754 3930 avunculi
771 3881 870 3952 gesta,
893 3892 963 3933 cum
983 3871 1078 3930 tuias
1099 3873 1262 3950 imperium

157 3957 210 4018 ille
235 3977 357 4016 summa
378 3963 546 4020 amaritate
566 3955 813 4020 'administraret
855 3959 896 4018 Et
916 3957 1046 4038 Gyrillus
1067 3955 1261 4037 Scytlropoli-
1367 4031 1369 4036 Ι

156 4054 245 4103 tanus
274 4045 316 4100 ait
339 4045 539 4103 lastinianum
567 4053 730 4124 antequam
759 4041 869 4102 Caesar
898 4043 1139 4120 renunciaretur,
1165 4043 1261 4102 fuisse

156 4129 324 4212 scorpiuron,
342 4123 470 4205 ὕπατον,
492 4125 664 4212 στρατηγὸν.
684 4125 816 4192 καὶτῶν
836 4132 891 4211 τῆς
908 4127 1060 4204 πολιτείας
1075 4127 1262 4212 πραγμάτων

157 4218 306 4298 εραταιοῖς
326 4205 538 4294 derepsissent,
564 4215 753 4294 patricium,
783 4215 952 4294 consulem,
973 4211 1081 4274 dacem
1102 4218 1261 4290 exercitus,

158 4309 186 4360 et
207 4321 278 4361 eum
295 4309 445 4380 potestate
465 4299 680 4380 rempublicam
701 4301 821 4362 rexisse.

200 4393 342 4462 araone·
364 4393 419 4447 nr.
626 4467 630 4488 Ι
1013 4381 1055 4446 rt
