2992 4826
495 273 666 344 vuolua
690 263 914 344 armanni.
1113 256 1115 267 ‘
1197 275 1268 350 αντ

168 439 352 502 lmtinianus
372 456 443 500 vero
465 436 635 518 Hlyrimeie
662 457 703 498 ex
731 448 816 520 patra
837 437 1003 516 saecuto,
1026 449 1061 500 ut
1079 441 1158 501 infra
1179 461 1210 524 p.
1232 441 1276 508 57

168 537 317 586 narraurr.
356 529 395 594 ,ln
424 543 460 584 aa
490 544 562 586 varo
589 525 716 606 epistola
733 525 842 605 frater
869 527 1027 586 lastiniani
1053 523 1181 604 dicitur,
1211 547 1275 587 nou

167 613 333 690 sangarine,
363 609 418 672 aad
438 605 656 698 αἲδτλρααιστίρ
677 629 770 692 quarn
787 611 894 670 Graeci
915 621 1041 688 vocant,
1072 614 1181 672 iurata
1193 611 1275 691 frc-

169 699 320 756 teraitate.
361 700 440 756 Nam
459 697 628 758 Vitalianus
657 697 698 756 cb.
717 695 887 756 affectatam
908 697 964 756 sub
986 699 1146 764 Anutasio
1168 708 1274 779 tyram
1337 716 1340 724 ’

169 780 275 846 uidem
295 782 353 842 eibi
373 785 494 857 timens,
515 783 669 862 publicam
682 783 845 862 postulavit
859 780 1288 864 fidera„quam1ustinianus.

169 870 293 928 nornine
308 869 442 928 (laesuris
462 887 524 926 non
545 869 645 928 solum
661 863 754 943 dedit,
776 865 831 928 sed
846 870 938 928 etiam
950 887 1042 948 snper
1055 887 1171 930 sacram
1184 889 1275 928 men·

169 971 244 1028 sam,
266 951 326 1012 ritu
345 952 520 1014 Christianis
542 963 693 1030 consueto,
715 947 942 1039 ddalpomcrip,
963 955 1150 1014 iniurato
1164 965 1273 1014 mutuo

158 1039 311 1116 fraterna
323 1037 399 1118 fide,
420 1039 603 1098 Vitalianum
624 1039 682 1098 sibi
699 1037 851 1113 devinxit3
875 1037 958 1141 quod
979 1041 1094 1099 curiosa
1110 1043 1275 1121 Procopius

167 1124 230 1182 illis
244 1125 538 1199 verbisobserravit,
561 1116 586 1209 pl
608 1121 647 1206 dvj
666 1120 702 1186 sd
723 1121 814 1187 nicaei
836 1147 983 1208 προτερον
996 1121 1075 1202 decia
1095 1128 1152 1206 τῆς
1172 1119 1276 1204 ἄσφα-

166 1207 249 1285 iriae
270 1209 432 1290 παρέσχετο
454 1206 604 1290 διαλαχαὶν
622 1203 705 1296 αὐτῷ
724 1213 787 1274 ταῖν
808 1209 842 1274 ie
868 1213 1061 1292 Χριστιανοῖς
1080 1212 1271 1292 perruptus:
1288 1212 1312 1268 Ρ
1329 1212 1381 1272 106

167 1297 352 1374 impunitate
369 1297 543 1375 promi-tea,
566 1293 631 1375 fide
646 1294 794 1375 publica,
824 1315 889 1354 uua
910 1298 1057 1374 surreptis
1081 1294 1276 1356 Christiano-

167 1399 239 1438 rum
256 1383 417 1458 mysteriis.
460 1380 512 1440 Sic
534 1391 564 1438 et
582 1381 766 1460 Strategium
787 1381 894 1440 aerarii
914 1382 1102 1461 praefectum
1114 1383 1273 1452 iustiniani

163 1466 297 1542 fratrem
325 1466 511 1546 appellatum
538 1465 627 1526 video
655 1469 689 1525 iu
714 1464 839 1526 historia
869 1464 908 1524 de
935 1466 1049 1546 templo
1070 1477 1191 1526 saumae
1212 1467 1274 1544 Sc-

167 1547 278 1629 pbiae,
306 1570 397 1632 quem
418 1549 533 1610 ibidem
553 1551 632 1610 infra
658 1545 898 1632 ἄδειφοποαρτόν
918 1563 1003 1612 autor
1022 1551 1178 1610 nominat:
1199 1571 1274 1610 nam

167 1635 317 1715 strategio
331 1639 447 1717 Appius
467 1639 636 1718 Aegyptius
656 1643 748 1717 pater
762 1635 830 1711 fruit,
853 1646 888 1695 ut
908 1629 1099 1696 innocentiu's
1120 1639 1274 1696 Maronia-

166 1739 225 1780 nus
246 1722 347 1780 scribit
368 1725 401 1780 in
422 1723 510 1801 epist.
531 1721 572 1780 ad
584 1719 779 1782 Thematem.
821 1724 885 1781 llos
907 1725 1000 1782 etiam
1020 1713 1195 1805 αἲγατηταύς
1215 1741 1274 1782 no·

166 1808 282 1865 minare
296 1805 457 1867 Christiani
480 1818 711 1884 consueverant3
736 1827 828 1888 quara
849 1807 938 1866 Felix
958 1826 1037 1888 papa
1058 1817 1181 1890 quartus
1203 1826 1274 1865 cum
1378 1845 1394 1855 -

166 1886 267 1950 adhuc
289 1893 383 1952 laicus
411 1893 576 1952 fraternam
602 1891 696 1952 fidem
723 1895 890 1952 Iustiniana
916 1895 1061 1968 iurasset,
1090 1891 1202 1955 exinde
1224 1891 1275 1950 di-

167 1987 297 2054 ctuerest
315 1971 531 2041 Ἰονστινιανοῦ
551 1972 717 2062 ἀγαπητὸς,
746 1989 781 2037 ut
807 1980 839 2036 in
867 1981 1072 2038 Romanorum
1096 1977 1275 2058 pontificum

165 2065 243 2121 serie
261 2065 374 2122 Graeca
395 2065 562 2143 conscripta
587 2065 754 2124 observavi.
797 2065 862 2120 llac
889 2061 996 2122 eadem
1021 2065 1134 2122 ratione
1157 2073 1187 2122 et
1213 2061 1274 2121 fide
1327 2115 1331 2123 .

164 2151 323 2208 Iustiniani
344 2149 437 2208 frater
456 2149 515 2208 fuit
536 2146 745 2209 Theodoriana
768 2145 948 2208 Gotthorum
969 2165 1035 2224 rex,
1056 2158 1091 2207 ut
1111 2145 1274 2228 Theophi-

164 2233 215 2293 lus
235 2237 394 2294 Iustiniani
418 2245 595 2314 praeceptor
615 2237 759 2314 explicat.
801 2236 906 2294 Ritum
927 2231 1008 2293 hunc
1029 2226 1272 2312 ἆῦαλφαταστίας,

166 2321 368 2404 antitpuasiuai
388 2330 489 2398 patres
510 2317 618 2379 hausto
630 2319 741 2378 Christi
762 2320 872 2397 poculo
895 2339 1014 2378 sacrum
1032 2321 1179 2393 fecerum,
1203 2321 1273 2400 qui-

165 2402 223 2462 bus
246 2423 333 2462 curae
354 2405 413 2462 fuit
430 2413 562 2462 avertere
584 2403 653 2462 illas
669 2401 796 2462 humaui
818 2405 930 2462 cruoris
949 2406 1096 2482 potiones,
1119 2423 1194 2482 quaa
1216 2403 1274 2462 ad·

166 2483 332 2549 hibuerunt
351 2505 414 2546 nou
435 2489 536 2546 solum
550 2489 686 2562 barbari,
709 2498 739 2546 et
760 2479 882 2546 orienti's
905 2488 1024 2566 populi,
1045 2498 1080 2546 ut
1101 2489 1192 2546 refert
1208 2490 1273 2546 Lu·

160 2573 271 2638 ,cianus
292 2575 324 2630 in
345 2573 399 2631 lib.
422 2569 460 2630 de
483 2571 630 2647 amicitia,
660 2575 708 2632 cui
736 2573 842 2632 titulus
864 2583 909 2634 est
934 2568 1073 2653 Τόξαρις,
1104 2571 1158 2632 sad
1180 2575 1272 2632 etiam
1290 2577 1313 2631 Α
1328 2575 1365 2634 24

165 2659 296 2718 Romani
317 2656 357 2718 ad
379 2659 541 2734 amicitias,
563 2656 687 2718 foedera
709 2670 740 2726 et
759 2654 979 2718 'coniurationes
1002 2655 1206 2718 stabiliendas.

251 2746 286 2802 Ρ.
308 2745 360 2819 46,
385 2745 435 2807 16.
478 2746 566 2804 Dato
591 2744 752 2826 offenaioni
772 2743 857 2822 Ισσο]
887 2747 970 2802 Haec
997 2745 1132 2802 acerbius
1155 2739 1274 2800 Zacha-

167 2830 227 2888 riae
250 2827 330 2908 apud
350 2830 515 2908 llragrium
540 2831 564 2888 l.
586 2831 607 2894 4
629 2849 655 2888 c.
678 2834 709 2894 3.
752 2825 967 2886 Emendandus
992 2839 1036 2887 est
1056 2826 1272 2906 Theophanes,

168 2915 222 2993 qui
241 2915 354 2993 populo
370 2915 707 2993 Constantinopolitano
728 2914 872 2973 Vitaliani
893 2911 1017 2970 caedem
1040 2911 1197 2986 adscribit,
1221 2907 1273 2972 did

54 3022 59 3031 ¹
165 2993 201 3061 τὸ
219 2994 350 3072 πολλαὶς
371 2991 556 3084 αἷνρρηκέναι
579 3001 622 3083 τῷ
642 3002 738 3082 καιρῷ
761 3002 816 3076 τῆς
835 2990 1064 3070 ἐπαναστάσεως
1085 2991 1181 3059 αὐτοῦ
1201 2987 1272 3058 κατ’

165 3073 372 3164 Murmecion,
392 3081 485 3164 quod,
506 3085 614 3165 iuquit,
636 3085 750 3142 multoe
765 3079 906 3142 deleverit
921 3103 981 3162 quo
997 3093 1125 3162 tempore
1139 3083 1171 3140 in
1184 3083 1274 3140 Ana·

166 3171 300 3228 starium
321 3189 412 3228 arma
432 3180 614 3249 sumpserat.
656 3169 719 3229 sed
739 3169 905 3229 Vitalianus
927 3187 1020 3248 quarn
1041 3168 1132 3226 fuerit
1152 3167 1272 3246 populis
1367 3177 1373 3196 '

167 3264 317 3333 acceptus,
338 3255 478 3334 publicae
499 3255 571 3314 illae
589 3255 818 3314 acclamationes
833 3251 996 3313 declarant.
1043 3253 1200 3314 Wtoliani
1210 3271 1274 3331 po·
1360 3265 1363 3282 ·

166 3341 252 3399 tricii
281 3341 375 3400 multi
402 3343 467 3400 aiat
493 3343 579 3401 anni.
626 3341 784 3402 Vitaliani
803 3339 965 3399 orthodoxi
985 3339 1077 3399 multi
1095 3339 1158 3398 rint
1179 3339 1273 3415 anni,-

167 3441 244 3507 quas
264 3423 452 3506 Epiphanius
472 3427 586 3506 Tyrius
607 3427 641 3484 in
662 3428 749 3506 epist.
771 3425 873 3484 refert.

252 3511 370 3588 Ρ.46,
393 3516 443 3578 17.
484 3513 569 3571 Eum
596 3513 629 3570 ia
661 3511 740 3570 auia
766 3513 860 3590 impie
886 3503 1133 3586 contrucidavit]
1171 3506 1273 3566 Victor

166 3593 341 3655 'suanensis
369 3615 474 3658 eorum
502 3607 674 3676 temporum
694 3596 840 3677 aequalis·
887 3594 1071 3656 Vitalianue
1093 3591 1273 3651 Comtanti-

167 3679 274 3758 nopcli
293 3683 377 3741 intra
394 3683 560 3761 palatium,
583 3683 649 3741 icco
662 3701 759 3762 ,quem
779 3678 965 3759 Delphicum
987 3674 1108 3738 Grnecc'
1123 3673 1273 3734 vocabulo
1333 3681 1338 3696 ⁸

168 3761 291 3842 dictent,
320 3767 491 3827 Iustiniani
512 3769 646 3847 patricii
663 3769 807 3844 scoticae
827 3765 945 3823 dicitur
965 3762 1143 3842 interfectus
1153 3759 1272 3839 suieee.

167 3849 312 3912 Extincto
329 3853 499 3930 Vitalium,
521 3854 575 3934 qui
597 3862 660 3910 erat
680 3853 826 3929 magister
845 3849 989 3923 militiae,
1010 3849 1195 3906 lastinianus
1216 3841 1272 3908 da,-
1317 3863 1322 3884 ⁸

167 3937 305 4013 signatus
337 3946 382 3996 est
410 3937 475 3998 dux
498 3941 703 3998 Romanarum
732 3938 897 4014 legionum.
941 3935 987 3992 lta
1013 3937 1162 4006 Zonaras3
1190 3931 1271 3989 Con·
1290 3933 1382 3994 Valtt

168 4021 320 4080 staulinus
347 4021 623 4103 Porphyrogenitus
657 4023 679 4082 l.
703 4023 718 4084 1
750 4019 864 4080 Them.
893 4019 943 4083 12.
978 4017 1012 4082 ‘0
1038 4015 1129 4100 μέγας
1157 4015 1273 4090 ἐκεῖνος

168 4104 220 4169 sal
241 4100 421 4188 arcadianon
441 4105 581 4188 βασιλεῦς
599 4102 806 4180 Ἰααστινιανὸς
834 4101 982 4180 (ὅτιτῶν
1004 4097 1163 4184 σκήπτρων
1184 4095 1271 4183 Ξτρα-

80 4189 83 4204 ’
168 4213 213 4258 ⁸⁶⁵
234 4194 289 4272 τῆς
315 4189 482 4272 Ῥωμαϊκῆς
510 4195 663 4273 βασιλείας
692 4189 712 4258 d
738 4187 846 4256 ταύταν
867 4194 955 4263 θεῖος
974 4183 1149 4264 Ἰανστῖνας)
1179 4209 1272 4268 μονο-

169 4273 334 4361 nodewet
368 4281 431 4344 ταῖν
461 4275 633 4361 Ῥωμαϊκῶν
670 4273 829 4364 ταγμάτων
861 4278 981 4358 Καῖσαρ
1015 4270 1059 4340 dv
1078 4266 1271 4374 ΙΙχρημᾶτνζε.
