2992 4826
241 207 316 278 382
588 201 645 280 tlt.
658 202 768 276 tusa.
793 197 991 278 luctum

239 375 297 452 qui
319 371 560 434 rennuentem
579 383 690 434 omens
709 365 886 451 iudaeae,
916 375 974 454 qui
999 382 1032 434 et
1045 371 1175 434 Peucini
1199 391 1222 432 o
1249 371 1367 432 estere

238 479 342 518 nursou
365 461 421 524 ati,

323 480 364 603 td
375 541 427 620 64,
444 546 476 609 9·
518 542 626 604 Morbo
641 542 838 606 luetintamn
858 542 1038 626 urgebatur]
1063 542 1165 602 Craris
1187 538 1364 600 affectione

237 631 417 709 gravissime
437 629 605 704 laboravit3
636 633 720 690 omasi
747 631 864 690 abiecta
884 649 938 712 spe
959 631 1078 690 sunus.
1119 629 1166 686 lle
1188 624 1248 684 hac
1270 628 1362 686 Pro·

146 723 221 780 Aet
239 718 363 795 copiam
382 715 553 792 intelligere
574 725 690 774 certum
711 725 757 775 est
782 735 824 776 ex
851 717 889 775 iis
911 733 988 796 quae
1009 711 1131 790 subdit,
1162 714 1240 772 ιιιίνο
1270 731 1361 770 caan

236 805 453 879 imperatorem
473 799 675 880 convolsum,
695 821 807 882 nempe
829 799 970 862 adhibitis
987 811 1161 868 sanctorum
1177 807 1361 876 martyrum

166 890 168 902 ⁴
237 887 393 966 reliquiis,
424 905 499 966 quas
530 883 623 946 effodi
647 889 789 966 contigit,
820 885 895 946 dum
924 897 1043 946 saumae
1063 889 1168 944 Irenae
1193 883 1361 962 templum

151 979 152 987 ’
238 971 470 1032 instaurabatur.
521 973 599 1030 Rem
627 981 722 1034 totam
758 974 824 1051 ipse
858 974 1028 1032 luculenter
1060 971 1251 1050 prosequitur
1279 967 1304 1025 l.
1336 975 1357 1032 1

240 1055 334 1118 aedil.
376 1059 459 1115 Haec
479 1057 638 1116 lastiniani
660 1059 823 1136 aegrotatio
844 1057 951 1117 incidit
971 1061 1004 1118 iu
1024 1077 1139 1116 annum
1159 1057 1277 1114 circiter
1299 1056 1363 1110 ri-

240 1147 393 1222 gesimum
413 1143 546 1218 tertium,
567 1144 618 1202 rel
632 1155 774 1224 quartum
798 1145 863 1202 eius
884 1145 1024 1223 imperii3
1045 1161 1118 1200 nam
1139 1160 1217 1200 anno
1240 1141 1362 1220 quintu

161 1263 172 1271 -
236 1227 273 1287 'et
293 1231 452 1308 vigesimo,
475 1247 580 1288 mense
602 1229 797 1308 Septembre,
818 1227 981 1289 indictione
1006 1227 1123 1287 decima
1144 1229 1248 1308 quinta
1268 1221 1361 1282 illud

188 1385 190 1395 Ι
241 1325 363 1374 sanctae
383 1317 488 1372 Irenae
509 1315 660 1396 templum
682 1313 854 1374 dedicatum
874 1315 949 1391 fnit,
971 1325 1005 1373 ut
1026 1311 1230 1393 Theophanes
1251 1319 1359 1368 notat.

241 1397 407 1460 Theodora
428 1419 518 1459 suum
538 1402 603 1460 iam
623 1398 706 1458 diem
726 1400 857 1476 obierat3
884 1419 976 1481 quare
998 1400 1057 1458 alia
1077 1400 1167 1480 plane
1188 1396 1357 1456 Iustiniani

241 1483 319 1546 haec
341 1496 387 1545 est
406 1482 547 1545 valetudo
569 1486 606 1544 ab
630 1505 681 1562 ea,
709 1484 747 1544 tle
769 1505 829 1567 qua
850 1505 940 1566 supra
960 1487 1124 1564 Procopius
1145 1503 1176 1563 p.
1198 1485 1247 1545 16.
1290 1485 1357 1540 at-

242 1591 303 1654 que
325 1573 386 1631 alia
405 1575 498 1629 etiam
511 1571 646 1632 iouaesis
668 1581 714 1630 est
735 1589 754 1630 a
776 1589 837 1652 qua
857 1572 1000 1630 liberatam
1021 1571 1080 1629 init
1096 1589 1153 1649 ope
1175 1575 1356 1630 sauctorum
1471 1643 1472 1646 Ἴ

241 1657 369 1732 Counae
392 1667 422 1714 et
438 1658 597 1734 Darniani,
625 1657 734 1737 quibus
756 1667 787 1716 et
807 1659 958 1737 templum
977 1675 1018 1715 ex
1038 1666 1110 1716 voto
1131 1654 1291 1728 excitarit,
1316 1661 1356 1710 ut
1472 1658 1473 1680 ¹

242 1741 352 1802 eodem
378 1741 455 1802 libro
482 1740 574 1801 aedis.
601 1745 700 1822 primo
727 1753 839 1802 narrat.
881 1744 952 1802 Alia
972 1739 1079 1802 itidem
1105 1742 1162 1800 illa
1190 1737 1353 1822 hatevella,
1473 1817 1474 1822 ἵ

241 1825 403 1888 difficultas
425 1829 540 1905 urinae,
563 1847 657 1908 quem
677 1831 805 1888 removit
828 1847 907 1910 aqua
927 1831 982 1908 saie
1003 1821 1164 1910 ζωηφδρου
1184 1827 1292 1906 πηγῆς,
1316 1834 1355 1883 ut
1474 1860 1475 1866 κ

239 1923 350 1974 vocant
367 1915 522 1992 Byzantii,
552 1913 673 1992 vivifici
690 1915 812 1990 sontis:
841 1911 881 1972 ad
904 1933 996 1994 quem
1019 1911 1160 1992 deiparae
1186 1911 1355 1969 liberatrici
1475 1963 1476 1966 ,

184 2025 192 2042 =
241 1996 351 2064 aedem
372 1995 540 2072 dedicarit,
562 2008 597 2056 ut
617 1996 803 2078 Nicephoros
825 1999 943 2058 Callisti
963 1998 1056 2061 refert
1076 2001 1108 2056 in
1130 1997 1228 2056 officio
1249 1996 1355 2053 ecole-

240 2084 361 2142 siastico
383 2083 476 2140 feriae
498 2084 620 2163 quintae
642 2087 698 2164 τῆς
719 2085 962 2165 διακαινησίμου.
1005 2087 1153 2156 Quintum
1163 2083 1353 2142 lastinianus

200 2187 205 2198 ·
239 2169 406 2245 aegrotavit
426 2177 496 2246 post
517 2165 650 2228 reditum
671 2167 844 2245 eThracia,
867 2187 927 2250 quo
947 2166 989 2238 ad
1006 2171 1255 2230 restaurationem
1275 2186 1354 2224 mu-

239 2271 354 2326 rorum,
376 2253 580 2334 quoslongoe
601 2255 764 2335 appellant,
787 2265 975 2335 perrexerat:
996 2261 1108 2335 nemp‘e
1129 2257 1208 2313 inno
1229 2255 1354 2331 imperii

142 2387 148 2411 ,
238 2340 396 2418 trigesimo
419 2349 540 2420 quarto,
562 2343 650 2402 nonis
673 2341 874 2423 Septembris,
894 2339 1059 2401 indictione
1080 2359 1171 2399 nona.
1214 2341 1264 2398 Ex
1285 2338 1355 2396 ire-

240 2425 403 2506 quentibus
441 2426 557 2486 morbis
594 2426 697 2488 divim
733 2425 884 2508 praesidio
922 2429 1123 2490 lastinianum
1160 2425 1354 2484 convaluisse

241 2512 356 2574 Paulus
372 2511 562 2571 Silentiarius
582 2513 615 2570 in
633 2514 710 2572 libro
732 2512 770 2572 de
792 2524 913 2572 sanetae
930 2511 1063 2594 Sophiae
1082 2512 1197 2591 templo
1218 2507 1352 2569 iudicat:

417 2650 424 2670 ,
451 2591 529 2658 ὅθεν
548 2592 661 2671 νόσους
682 2595 738 2678 μὲν
759 2593 981 2678 διαδιδράσκεις
998 2591 1142 2672 εδκόλως.

242 2675 320 2740 Vide
340 2676 578 2760 Theophanem,
600 2692 631 2740 et
651 2677 707 2742 has
728 2693 814 2742 notas
837 2681 877 2742 ad
897 2703 929 2762 p·
954 2687 1003 2746 16.

111 2763 116 2777 ’
243 2819 247 2826 .
328 2767 364 2824 P·
385 2765 436 2840 64,
461 2767 511 2832 14·
552 2767 697 2828 Absentio
720 2765 874 2848 Caesarie]
905 2769 1076 2829 Secesserat
1095 2765 1277 2825 lastinianus
1298 2763 1352 2822 vel

242 2849 278 2909 iu
298 2849 503 2912 suburbanum
522 2856 682 2930 Heraeum,
710 2851 749 2914 de
771 2873 831 2936 quo
852 2854 932 2914 inira
952 2857 1047 2934 p.70,
1066 2849 1106 2912 ad
1128 2853 1221 2910 cruris
1242 2851 1351 2907 sitium
1471 2876 1477 2899 ·

243 2935 428 3013 cumndum,
455 2940 505 2998 rel
525 2941 559 2998 in
581 2941 753 3020 Sycenum,
775 2939 829 3000 abi
848 2951 915 3000 tum
935 2949 1054 3000 sanotae
1075 2941 1179 2996 heaae
1199 2933 1351 3014 templum

244 3023 488 3100 construebatur,
514 3023 689 3107 ibidemque
712 3027 838 3086 leuasse
863 3035 1021 3086 veneratus
1049 3033 1095 3083 est
1119 3023 1279 3102 reliquias,
1298 3017 1348 3078 'de

242 3107 354 3185 quibus
382 3105 473 3164 modo
502 3106 650 3168 dicebam.
701 3111 799 3191 Saepe
830 3113 912 3170 venit
944 3105 1182 3181 Calchedonem,
1210 3117 1241 3164 et
1268 3123 1347 3164 enno

242 3191 341 3268 primo
361 3199 392 3246 et
415 3189 548 3250 secundo
570 3191 682 3252 diutins
704 3195 747 3254 ibi
768 3205 969 3254 commoratus
991 3205 1051 3270 est,
1083 3202 1117 3254 ut
1138 3192 1348 3272 expletisque

243 3275 309 3332 eius
339 3275 601 3337 coustihttionibus
627 3287 728 3358 patet3
759 3279 880 3358 longius
910 3290 1013 3340 autem
1041 3279 1079 3339 ah
1105 3278 1180 3339 urbe
1201 3278 1347 3360 Byzantio

243 3355 284 3418 ad
319 3361 466 3420 orientem
497 3381 564 3422 raro
594 3361 749 3440 disoeuit,
786 3367 883 3425 semel
911 3385 990 3426 anno
1010 3365 1173 3446 'trigesimo
1204 3359 1347 3438 secundo,

242 3463 313 3504 osam
334 3447 367 3504 in
387 3447 591 3528 Selymbriam
615 3447 655 3510 ad
683 3449 858 3512 excitandos
882 3471 985 3512 muros
1006 3451 1115 3532 longos
1139 3459 1237 3508 terrae
1262 3457 1348 3508 motu

241 3529 409 3610 collapsos,
437 3543 468 3591 et
489 3533 653 3614 abigendos
673 3535 831 3612 barbaros,
853 3539 906 3618 qui
923 3535 996 3596 iude
1020 3539 1054 3596 in
1074 3533 1239 3596 Thracium
1259 3537 1346 3596 inva-

240 3627 352 3676 serant.
395 3619 496 3698 Atque
516 3624 630 3680 iterum
648 3640 726 3680 anuo
747 3625 902 3702 trigesimo
924 3624 1062 3704 septimo,
1083 3641 1188 3681 meuse
1210 3621 1346 3696 octobre,

239 3699 406 3762 indictione
427 3701 624 3784 duodecima,
653 3704 692 3766 ad
716 3708 921 3788 Myriangelos
949 3709 1127 3790 (perperam
1147 3705 1348 3785 Idyrangoloa

239 3789 273 3847 in
294 3786 419 3850 historia
439 3791 590 3872 miscella)
619 3790 678 3853 hoo
699 3803 762 3869 est,
792 3795 929 3855 Germios
950 3797 983 3853 in
1004 3795 1122 3854 Galatia
1141 3793 1295 3871 religionis
1317 3800 1348 3848 et

241 3877 384 3936 orationis
413 3893 520 3953 cause3
551 3877 766 3958 Theophanes.
809 3883 845 3939 ln
869 3881 988 3940 ltaliam
1016 3881 1151 3954 senisse,
1183 3881 1263 3938 cives
1284 3879 1346 3937 lle-

241 3969 385 4019 vennates
411 3957 495 4020 haud
521 3964 648 4042 probare
675 3976 820 4044 possunt3
852 3966 909 4028 etsi
936 3961 1118 4024 dedicationi
1146 3964 1289 4023 ecclesiae
1310 3961 1343 4020 S.

241 4043 349 4102 vitalis
370 4047 569 4107 lastinianum
591 4069 659 4110 eum
681 4049 844 4112 Theodora
870 4047 992 4109 credant
1018 4049 1208 4123 intermisse,
1235 4065 1344 4126 nempe

241 4145 322 4186 enno
343 4140 413 4206 post
434 4133 622 4194 consulatum
643 4137 749 4194 Rasilii
768 4145 871 4212 sexto,
899 4133 1063 4195 indictione
1085 4133 1218 4210 decima,
1238 4143 1275 4192 nt
1296 4151 1345 4195 re·
1386 4181 1392 4194 .

228 4212 300 4294 ‚feri
314 4213 516 4298 Hieronymus
530 4219 651 4292 Pellaeus
673 4220 696 4280 le
710 4219 742 4286 8.
784 4225 861 4284 Nam
874 4217 1037 4288 Theodora
1051 4217 1159 4285 eodem
1180 4217 1234 4282 illo
1256 4235 1344 4295 auno,
1437 4261 1445 4276 .
