2992 4826
405 351 413 362 „
506 263 652 333 uorsa
677 255 899 338 usuum
1077 367 1083 376 ἱ
1178 266 1253 340 sss

12 465 15 480 ι
140 427 319 514 iisdemque
348 427 455 492 diebus
482 429 621 512 Byzantii
649 429 780 510 graviter
806 439 981 511 aegrotans,
1010 443 1145 514 suaeque
1174 433 1255 492 ritae

143 521 275 594 timeus,
297 520 330 576 iu
350 519 470 595 ltaliam
490 517 636 578 Belisario
658 517 806 576 scribebat
828 515 866 576 da
888 518 1052 578 loanniuae
1070 519 1154 581 illius
1174 517 1255 578 tiliae

12 639 13 652 ι
143 615 177 664 et
198 604 351 665 Anastasii
374 603 490 682 nepotis
510 605 557 662 sui
579 602 718 680 coniugio
740 599 930 680 maturando,
952 613 982 661 et
1002 600 1125 662 tandem
1147 615 1255 684 quarto

144 707 243 749 nonas
265 689 356 748 lulius
385 685 466 749 diem
494 687 601 748 clausit
629 697 810 748 extremum.
854 685 931 750 Vide
951 691 1134 769 Procopium
1156 689 1254 754 lius

143 775 221 832 bell.
245 771 349 834 Gotth.
370 784 411 840 et,
430 772 481 832 hio
511 795 544 854 p.
565 771 619 838 24.
662 769 883 854 Theophanem
912 770 953 834 ad
980 792 1094 852 anuum
1122 775 1257 855 primum

144 870 177 918 et
199 861 378 938 vigesimum
394 859 563 934 lastiniani,
586 853 693 918 athas
713 869 799 918 notas
814 856 854 919 ad
874 879 906 940 p.
921 855 976 924 24.
1018 861 1107 920 Venit
1129 857 1254 940 quidem

142 947 326 1004 Ravennam
341 946 524 1004 lastinianus
544 943 634 1026 plane
655 940 861 1019 adolescens„
878 963 976 1026 eoque
996 945 1106 1004 missus
1129 955 1175 1004 est
1196 945 1254 1004 oh·
1323 997 1325 1000 .

142 1049 195 1090 ses
227 1027 266 1088 acl
296 1027 524 1090 Theodericum
554 1025 735 1088 Gotthorum
765 1049 869 1110 regem
904 1049 923 1090 a
954 1031 1070 1091 lustina
1104 1031 1253 1090 auunculo

125 1117 296 1176 ,exercitus
325 1114 419 1190 duce,
450 1124 485 1174 ut
505 1112 696 1195 Theophilus
721 1115 882 1179 Iustiniani
908 1126 1085 1196 praeceptor
1114 1118 1252 1196 exponit.

142 1199 309 1262 Theodora
330 1197 452 1281 qnando
474 1201 620 1280 Byzantio
641 1199 775 1280 digressa
795 1205 853 1277 sit,
875 1198 1011 1261 dicemus
1032 1199 1073 1260 ad
1095 1223 1127 1286 p·
1143 1206 1196 1274 70,

229 1288 266 1345 Ρ.
289 1285 349 1360 64,
372 1285 424 1348 16.
473 1287 634 1366 Praefecto
663 1285 751 1346 urhis
777 1284 926 1346 Theodoto
956 1283 1174 1365 Cucurbitiuo]
1206 1286 1253 1344 De

144 1391 207 1451 quo
234 1372 348 1430 mentio
372 1369 405 1430 fit
435 1371 468 1428 in
495 1368 618 1432 historie
641 1369 679 1432 de
700 1373 814 1452 templo
836 1383 957 1432 mactae
977 1369 1131 1453 Sophiae,
1160 1367 1252 1452 qnam

143 1459 177 1514 iu
198 1457 341 1516 Vaticana
369 1453 552 1519 bibliotheca
580 1455 723 1518 vidimus.
767 1459 846 1516 Huic
866 1455 1028 1518 Theodoto
1055 1460 1088 1516 iu
1109 1458 1248 1532 exilium,
1266 1456 1289 1509 Α
1305 1454 1341 1510 ³⁵

142 1552 178 1599 ut
200 1544 302 1600 statim
323 1543 365 1600 ait
383 1544 563 1621 Procopius,
586 1543 709 1602 abeunti
734 1541 867 1602 succedit
888 1543 1018 1604 loannes
1040 1541 1250 1605 Coccorcbiue.

143 1628 251 1692 Plures
272 1628 402 1706 legimus
417 1629 450 1686 in
471 1630 602 1708 antiquis
623 1630 836 1704 monumentis,
859 1630 913 1708 qui
933 1629 989 1688 sub
1010 1629 1176 1688 lustiuiano
1197 1647 1251 1684 ur-

143 1711 192 1770 bis
207 1715 346 1792 Byzantii
365 1713 586 1794 praefecturam
605 1723 778 1792 gesserunt:
799 1715 979 1792 insigniores
996 1725 1076 1790 sant,
1093 1714 1252 1794 pctrr'oias

143 1808 213 1880 post
234 1799 425 1858 consulatum
444 1799 599 1872 Belisarii,
630 1795 670 1858 ad
692 1818 783 1879 quem
803 1801 980 1878 rescriptum
1002 1800 1060 1858 fnit
1082 1797 1120 1858 de
1141 1817 1251 1858 seona-

144 1883 205 1942 dis‘
221 1885 345 1964 nuptiis.
394 1881 592 1944 Arecbiudae
619 1885 778 1943 iustiniani
805 1886 904 1964 neptis
933 1885 1087 1944 Proiectae
1114 1884 1252 1942 maritus.

150 1967 369 2048 tribonianus,
398 1971 451 2050 qui
472 1969 510 2028 ob
537 1967 571 2028 id
592 1969 801 2048 expraefectus
822 1979 961 2045 vocatur,
990 1968 1031 2028 ad
1053 1989 1147 2050 quem
1168 1975 1253 2026 extat

144 2052 278 2112 edictum
298 2057 457 2114 Iustiniani
476 2074 601 2114 nonum.
651 2055 794 2134 tryphon
807 2055 841 2114 ira
854 2053 1002 2114 seditione
1016 2055 1252 2116 victoriatoram.

147 2137 298 2212 Theodori
315 2141 437 2219 stater,
468 2142 521 2220 qui
548 2138 667 2219 pridem
689 2138 832 2200 eumdem
854 2142 1063 2220 magistratum
1086 2138 1250 2198 habuerat:
1269 2141 1291 2196 P
1309 2141 1360 2196 11⁵

144 2221 248 2284 chron.
270 2223 437 2308 Alexandr.
459 2225 639 2306 Longinus,
669 2227 753 2286 ouius
776 2225 982 2306 praefecturae
1009 2227 1089 2286 infra
1112 2226 1253 2284 meminit
1269 2229 1295 2284 V
1311 2227 1364 2284 ³66

143 2311 320 2388 Procopius.
360 2311 546 2386 Domnioue,
569 2315 622 2391 qui
638 2313 757 2390 Apione
774 2312 906 2386 consule,
929 2331 1000 2370 oum
1015 2303 1163 2392 potestate
1182 2311 1253 2370 fuit.

47 2402 54 2416 '
145 2395 319 2472 allueoniur,
341 2393 381 2454 ad
402 2413 494 2474 quem
515 2397 635 2474 scripsit
657 2397 840 2454 lastinianus
860 2397 1014 2466 novellam
1036 2396 1108 2462 134.
1153 2397 1270 2457 Geor-1

142 2481 230 2558 gius¹
248 2479 326 2538 falso
355 2479 569 2540 coniurationis
596 2481 629 2538 in
657 2481 870 2559 imperatorem
890 2489 1061 2554 accusatus,
1091 2489 1125 2536 ut
1151 2479 1253 2559 prodit

144 2561 360 2642 Theophanes.
402 2565 576 2642 Procopius
596 2573 715 2642 noster,
750 2565 803 2646 qui
830 2583 1033 2624 successorem
1051 2561 1159 2624 hahuit
1179 2564 1252 2622 An-

145 2647 248 2708 dream
270 2669 349 2709 anno
367 2649 525 2708 Iustiniani
547 2651 702 2728 trigesimo
723 2660 829 2725 sext03
850 2660 920 2730 post
941 2669 1034 2731 quem
1048 2651 1149 2710 Victor
1162 2651 1252 2709 Tun-

144 2736 245 2794 uenais
267 2739 352 2815 ponit
372 2731 533 2795 tatianam
554 2738 708 2814 trigesimo
729 2755 810 2796 nono
832 2755 910 2796 anno
931 2737 1100 2794 Iustiniani.

229 2821 265 2878 P.
289 2819 346 2895 65,
367 2825 399 2884 2.
447 2821 530 2878 Miro
558 2841 632 2878 eane
659 2841 736 2878 casu
766 2822 940 2899 convaluit]
969 2823 1096 2880 Testem
1123 2816 1249 2878 huiusce

144 2903 262 2962 mirifici
283 2923 370 2964 casus
390 2906 490 2984 ipsam
515 2906 703 2984 imperatoris
724 2924 888 2984 purpuram
909 2906 1021 2980 fuisse,
1050 2913 1151 2962 namet
1170 2906 1249 2962 Pro-

146 2989 250 3067 copius
270 2989 293 3048 1.
315 2993 331 3054 1
357 2987 449 3049 aedif.
471 3009 549 3070 qaae
571 2991 604 3047 ia
625 2993 707 3068 regia
729 2989 903 3050 serrabatur
923 3009 960 3048 eo
981 2989 1098 3048 imbuta
1119 2989 1248 3070 liquore,

145 3077 198 3154 qui
208 3093 259 3220 dex
287 3083 455 3157 martyram
484 3075 637 3156 reliquiis,
666 3075 771 3136 vitiato
798 3076 878 3173 erupi
904 3072 1036 3136 admotis
1056 3071 1176 3136 abunde
1197 3094 1248 3148 re-

144 3157 206 3220 duu
229 3169 303 3220 arat.

227 3247 262 3304 Ρ.
283 3241 342 3320 65,
363 3239 396 3308 4.
439 3237 596 3324 Quosdam
616 3265 651 3304 ex
666 3243 885 3322 familiaribus
903 3240 971 3304 dire
993 3263 1097 3305 οοεεοα
1117 3241 1249 3324 impellit

143 3325 189 3390 od
200 3331 311 3409 salsae
331 3329 422 3389 illiue
441 3331 673 3406 accusationes]
704 3333 776 3402 Quis
797 3349 859 3390 noa
881 3327 991 3404 credat,
1014 3349 1084 3389 cum
1104 3329 1249 3388 ecclesia·
1361 3375 1367 3386 .

145 3417 233 3476 sticos
262 3417 355 3476 etiam
378 3413 426 3476 his
452 3413 569 3476 technis
597 3417 780 3476 lastinianus
807 3411 1059 3476 circumveneriti
1087 3424 1188 3474 narrat
1214 3412 1249 3474 id
1362 3457 1367 3473 ,

144 3499 318 3562 Eustathius
337 3501 498 3581 Presbyter
519 3503 551 3575 iu
572 3503 635 3560 rita
656 3501 690 3561 S.
710 3497 877 3580 Eutychii„
894 3499 927 3565 oi
945 3503 1001 3564 τοῦ
1024 3493 1131 3582 lippiae
1151 3493 1249 3580 θηρὸς

145 3582 294 3670 ν’ποοργοὶ
315 3581 559 3694 σολλαριβᾶνοοσι
580 3581 722 3668 σύροντες
748 3581 822 3662 roric
849 3583 901 3651 tut
922 3581 978 3666 triv
1003 3581 1251 3666 imporatorum?
1318 3633 1329 3668 ,

147 3666 234 3750 ἅγιον
262 3666 371 3778 deipsis
400 3673 577 3750 οριιλονιας
608 3664 706 3736 arisai
731 3673 1012 3752 καταμαρτυρῆσαι,
1047 3670 1099 3734 ἵνα
1129 3669 1250 3744 deliacos

146 3753 245 3834 δῆθεν
273 3777 326 3836 ρετ
366 3751 491 3843 ιαίόγον
520 3751 703 3838 προφάσεως
728 3749 820 3820 adada
849 3758 906 3835 τῆς
935 3753 1104 3836 ἐπισκοπῆς
1133 3752 1250 3829 lisois.
1364 3795 1366 3800 ,

147 3839 294 3900 Immanis
307 3839 425 3902 belluae
445 3845 582 3902 ministri
601 3836 894 3922 comprehendendos
914 3838 1044 3900 trahant
1063 3839 1168 3898 carsoli
1187 3839 1249 3898 viri

139 3924 292 4004 famulos,
313 3937 350 3984 ut
366 3927 514 3990 aduersus
532 3947 600 3986 eum
621 3927 830 3986 testimoniam
851 3922 967 3984 daura
1013 3925 1059 3984 Ne
1079 3925 1144 3982 sins
1164 3926 1250 3982 iusto

147 4031 244 4072 causa
271 4010 325 4070 ille
350 4033 385 4070 ex
413 4017 589 4094 episcopata
610 4013 726 4093 pulsae
753 4007 906 4074 uideatur.
940 4007 1012 4070 'set
1033 4028 1103 4068 oum
1123 4029 1155 4068 re
1182 4009 1249 4090 ipso

146 4097 250 4177 pulsus
272 4097 312 4156 sit
333 4115 351 4154 a
372 4099 534 4158 Iustiniana
554 4095 739 4178 Eutychius‚
770 4107 800 4156 et
825 4094 864 4156 de
889 4115 924 4155 eo
946 4099 987 4154 sit
1006 4095 1177 4178 institutam
1196 4097 1248 4154 iu-

147 4179 273 4258 dicium,
304 4181 560 4264 quemadmodum
587 4181 638 4243 hio
664 4186 697 4243 in
718 4179 871 4243 Theodoti
895 4200 984 4243 causa
1010 4190 1110 4250 narrat
1130 4181 1244 4240 Proco-

146 4269 227 4346 pius,
259 4267 289 4332 rl
309 4273 462 4355 περιεῖχον
480 4269 512 4334 ol
530 4271 660 4356 λίβειὶοι
689 4263 856 4364 damaim
877 4260 1024 4350 οἰκοῦσαι,
1049 4263 1102 4333 sol
1121 4259 1245 4352 patras
