3014 4826
208 1027 447 1154 ream
518 1069 633 1161 an
705 1063 1239 1164 LECTOREM

342 1268 394 1332 DE
413 1269 583 1338 PROCOPll
603 1273 720 1340 LIBRIS
740 1274 792 1340 ΕΓ
812 1274 889 1340 ttae
907 1273 1097 1340 EDl'llONE.
1269 1201 1273 1214 ·

622 1486 825 1502 w

168 1605 209 1712 P
211 1675 256 1718 ars
275 1653 350 1720 baec
368 1657 542 1724 historiarum
562 1659 693 1745 Procopii
715 1658 922 1736 Caesariensis,
944 1682 1024 1745 quam
1046 1655 1096 1722 tibi
1115 1654 1268 1732 fruendam,

167 1755 316 1832 Laeron,
344 1761 537 1846 proponimus,
565 1763 640 1826 molo
661 1761 728 1824 licet
748 1760 869 1846 exigua,
896 1773 925 1826 et
946 1762 1045 1827 ordine
1066 1771 1208 1846 postrema
1219 1756 1270 1833 sit3

169 1855 224 1920 erit
239 1870 330 1923 tamen
346 1861 456 1926 mindun
470 1863 631 1942 iniucunda,
656 1885 717 1950 canu
739 1861 867 1948 ipseper
885 1885 964 1940 sose,
991 1877 1046 1926 tum
1068 1861 1132 1948 quia
1156 1860 1270 1947 primum

168 1957 300 2024 inlunem
320 1985 392 2026 nune
411 1965 517 2052 prodit,
540 1978 622 2052 atque
637 1965 686 2030 tibi
702 1965 739 2050 ab
754 1965 861 2031 Autore
880 1965 1021 2030 lucubrata
1036 1964 1153 2027 videtur.
1182 1962 1272 2040 Quam

169 2059 243 2124 onim
269 2063 429 2149 aequalibus
450 2067 498 2132 ille
518 2069 573 2132 suls
596 2065 779 2148 ἀνέκδοτον,
805 2067 927 2132 obditam
950 2089 1014 2131 esse
1036 2065 1137 2142 voluit,
1163 2063 1272 2148 solique

167 2163 321 2248 posteritati
336 2167 498 2247 destinavit,
522 2171 572 2236 tibi
587 2193 624 2236 ex
639 2171 759 2257 posteris
777 2170 901 2234 omnihus
916 2170 990 2233 haec
1004 2168 1088 2232 medo
1102 2165 1270 2230 conceditur.

168 2262 271 2341 Plffl,
299 2288 465 2358 prorsusque
490 2273 647 2360 incorrupta
674 2285 703 2337 ut
727 2273 777 2337 tibi
807 2273 1022 2350 concederetur,
1050 2291 1103 2334 uos
1124 2291 1176 2356 pro
1198 2265 1272 2332 virili

169 2377 249 2450 parte
273 2368 361 2434 adnisi
382 2375 492 2460 quidem
511 2399 615 2450 sumus;
641 2397 737 2440 veram
763 2387 893 2439 consueta
913 2385 999 2439 estet
1022 2371 1096 2438 bene
1111 2383 1190 2436 vetus
1203 2370 1271 2433 Pro·

170 2467 244 2554 eupli
265 2469 527 2542 Commentariorum
548 2477 640 2564 iniqua
651 2478 711 2541 =itla
730 2469 868 2551 conditio,
892 2487 922 2564 nt
941 2475 1043 2540 nullam
1058 2495 1152 2540 eorum
1165 2483 1272 2558 partem

1286 968 1310 1024 Δ
1327 967 1362 1026 ld

1284 1093 1307 1148 1³
1324 1087 1390 1148 XVI

1256 1231 1376 1338 *vm

170 2570 208 2634 ab
234 2575 310 2638 omni
337 2577 383 2641 vel
410 2579 566 2657 bominum,
600 2580 646 2645 vel
665 2579 799 2666 temporis
823 2577 922 2642 iniuria
949 2590 1090 2642 teneamus
1116 2574 1271 2638 immunem.
1361 2559 1368 2580 ⁹

169 2675 337 2742 Leonardns
353 2681 482 2746 Aretinus
496 2682 625 2768 Procopii
644 2681 732 2746 libros
747 2681 874 2746 debello
889 2679 1021 2744 Gottbico
1035 2679 1137 2766 primns
1154 2677 1273 2740 omnium

169 2775 333 2862 publicavit;
361 2783 411 2846 scd
425 2773 517 2849 ludum
539 2785 659 2849 eruditus
680 2784 729 2849 ille
742 2783 785 2850 vir
807 2783 870 2847 lusit
893 2782 972 2846 nobis
996 2781 1081 2868 plane
1096 2777 1271 2842 illiberalem.

169 2878 243 2942 Nam
256 2903 404 2966 suppressa
417 2886 529 2951 Graeca
547 2887 680 2962 historia,
710 2899 739 2950 et
757 2885 869 2949 Antoris
890 2881 1001 2946 nomine
1017 2878 1195 2954 dissimulate,
1218 2879 1272 2940 La·

170 2979 257 3043 tinam
280 3003 361 3064 quarn
377 2984 438 3068 ipse
460 3009 496 3050 ex
511 2989 622 3051 Graeca
648 2987 771 3059 lecerat,
800 2999 929 3066 tanquam
948 3003 965 3042 e
985 2982 1071 3044 variis
1097 2975 1276 3061 scriptoribus
1351 3035 1354 3042 .

170 3103 190 3144 a
211 3101 244 3145 se
262 3081 438 3166 decerptam,
464 3087 500 3148 da
527 3085 604 3149 bello
631 3085 727 3150 ltelico
749 3093 912 3170 praenotat,
942 3092 971 3144 et
992 3079 1098 3144 luliauo
1120 3079 1274 3142 Caesarine

169 3195 349 3268 nuncupatam
372 3181 399 3248 ia
421 3185 556 3270 publicam
576 3187 681 3252 emittit
724 3187 851 3251 Eandem
871 3183 981 3249 Graece
1002 3181 1132 3268 scriptam
1152 3181 1274 3252 blondus

170 3287 284 3354 Flavius
303 3285 435 3350 industria
448 3288 563 3373 primum
576 3311 626 3353 sua
646 3288 753 3353 ltaliam
773 3285 905 3351 babuisse
923 3295 1072 3360 memorat;
1097 3283 1149 3347 sed
1166 3283 1191 3347 is
1211 3301 1273 3348 cum

171 3389 199 3452 iu
213 3387 329 3452 historia
342 3387 470 3474 Procopii
484 3391 567 3455 mode
588 3385 727 3455 desideret
741 3385 823 3476 quae'
834 3389 919 3454 bodie
934 3411 985 3453 nes
1002 3385 1114 3452 minime
1129 3381 1270 3449 desidora-
1315 3421 1319 3427 ·

171 3515 248 3566 mus,
275 3491 357 3555 modo
387 3513 422 3555 ea
440 3505 550 3578 carpat,
585 3514 656 3580 quae
684 3493 713 3556 iu
733 3491 853 3579 vulgatis
875 3490 1039 3557 editionibus
1061 3489 1136 3552 bene
1162 3485 1273 3550 babere

172 3594 310 3659 uidemus:
339 3593 462 3678 autiquae
481 3595 582 3661 blondi
608 3593 796 3670 membranas,
821 3593 868 3658 vel
892 3595 1086 3682 interpretem,
1115 3611 1197 3676 quem
1222 3587 1273 3651 ille

172 3707 266 3760 nactus
289 3707 346 3772 cst,
371 3695 460 3759 lraudi
479 3697 570 3762 eidam
591 3697 676 3762 luisse
690 3719 772 3761 nemo
793 3709 849 3760 nou
869 3697 958 3772 dicat3
986 3715 1047 3759 curu
1069 3715 1105 3756 ea
1121 3691 1183 3778 ipse
1205 3701 1271 3754 nota

172 3817 272 3862 carere
286 3797 368 3861 lacile
382 3799 485 3884 possit,
511 3797 558 3887 qui
575 3821 607 3864 se
621 3799 734 3887 liuguae
754 3799 882 3862 Graecae
898 3819 1010 3884 prorsus
1032 3794 1186 3882 imperitum
1200 3792 1269 3856 late·

173 3909 225 3963 tur.
268 3899 482 3987 Christopborus
496 3903 634 3979 Persona,
664 3902 710 3988 qui
725 3921 815 3988 aegre
828 3901 1028 3964 simulationem
1042 3895 1183 3961 Leonardi
1200 3895 1270 3974 tulit,

175 4002 286 4068 Antonia
303 4001 412 4092 integro
432 4004 543 4068 uomine
567 4005 683 4070 eandem
701 3989 844 4068 historiam
867 4001 949 4067 vertit
972 4001 1122 4088 quideme
1145 3999 1271 4075 Grneeo;

176 4103 264 4170 multis
279 4116 371 4168 tamen
385 4106 508 4192 partibus
522 4107 692 4183 diminutam,
718 4117 747 4171 et
761 4127 833 4192 pene
857 4103 977 4168 laceram
1001 4100 1086 4166 dedit.
1129 4101 1194 4166 Post
1208 4101 1271 4167 illos

176 4206 303 4293 llapbael
323 4203 520 4274 volaterranus
543 4209 663 4294 reliquos
681 4209 812 4273 debebo
833 4205 945 4274 Persico
965 4215 994 4268 et
1011 4201 1165 4269 vandalico
1180 4203 1267 4268 libros
1283 4207 1306 4264 Α
1323 4205 1359 4268 tl

175 4311 274 4376 Latine
300 4309 440 4398 vulgarit:
477 4312 528 4375 sed
555 4311 641 4377 nihilo
672 4311 789 4377 meliore
816 4330 897 4395 pam
920 4305 1134 4390 Christophorus
1162 4305 1420 4407 Codicn't’xvtt
