2960 4824
447 289 448 294 ’
490 255 634 338 NOTAE
655 265 879 337 limittit.
1157 263 1232 340 441
1315 325 1325 364 3

135 431 218 512 dixi,
246 434 327 496 vello
348 443 450 516 septus
469 434 636 494 tenebatur.
678 434 806 508 Quintus
826 411 989 494 muudus
1009 443 1110 497 cuntes
1139 455 1235 496 ucu-

133 522 277 582 bitorum.
320 523 409 580 lfuuo
429 519 556 600 gradum
570 519 694 580 Tiberio
713 521 850 600 principe
870 530 917 579 est
936 517 1130 596 consecutus3
1154 541 1234 584 anno

133 625 207 666 vero
228 607 282 668 illo
302 607 459 666 Iustiniani
479 605 657 667 duodecimo
678 606 769 684 plane
789 625 874 686 puer,
895 625 952 664 nec
972 607 1087 685 primae
1106 610 1236 666 inilitiae

134 690 286 772 stipendia
313 702 473 752 menterat.
516 693 629 752 Sextus
650 691 791 752 Tiberius
820 693 913 770 gener
938 693 1000 750 iam
1022 690 1096 750 dicti
1116 694 1235 752 lustini.

134 774 172 836 ld
200 795 280 836 enno
307 775 487 837 duodecimo
513 774 695 836 Iustiniani'l
726 775 844 835 Deinde
869 795 962 856 gener
986 773 1118 836 Iustiui‘l
1148 780 1239 838 unica

135 862 199 920 filia
219 863 332 922 Iustino
355 864 413 922 fuit
431 863 558 938 Arabis,
587 861 664 921 haec
683 861 833 921 Beduario
861 863 974 942 nupsit.
1016 863 1134 922 'liberii
1155 883 1240 922 uxo-

135 965 202 1006 rem
228 949 295 1029 quis
315 951 412 1008 nescit
431 945 646 1008 Anastasism‘l
674 946 753 1007 filies
772 967 844 1006 vero
866 944 1075 1022 charitonam,
1104 959 1135 1008 et
1155 951 1240 1008 cou-

135 1031 323 1092 stantinam‘l
358 1037 408 1092 Ex
434 1031 483 1093 his
515 1035 648 1124 rqlique3
678 1051 755 1114 quae
784 1033 963 1114 singillatim
991 1034 1129 1094 refellere
1159 1033 1239 1094 nihil

134 1135 216 1196 nnuc
235 1117 313 1178 mihi
334 1122 412 1180 tanti
432 1127 489 1179 est.

222 1206 258 1264 1³.
277 1203 349 1280 110,
366 1209 397 1268 2·
440 1207 504 1265 Det
522 1214 669 1264 naturum
686 1206 841 1266 curioeiese
857 1201 1062 1284 perscrutari]
1083 1205 1166 1264 Haeo
1185 1207 1240 1264 Iu·
1255 1206 1280 1260 P
1298 1205 1349 1264 tet

135 1289 266 1348 stinieno
288 1291 443 1350 curiositas
464 1290 578 1368 obfuit,
607 1311 665 1350 neo
683 1293 788 1352 minus
807 1289 905 1350 obfuit
926 1291 1080 1350 ecclesiae.
1123 1291 1240 1350 Felices'

135 1373 263 1433 fortasse
293 1385 364 1434 sunt
394 1377 579 1456 respublicae
608 1395 736 1458 querum
769 1395 855 1456 reges
882 1373 1150 1456 philosophentur3
1184 1375 1240 1436 sed

135 1457 227 1538 plane
251 1459 361 1518 infelix
389 1463 515 1520 ecclesia
536 1472 598 1538 est,
625 1483 695 1522 cum
716 1461 865 1522 seculares
885 1464 1035 1542 principes
1056 1463 1098 1520 ita
1118 1457 1240 1522 theolo-

73 1565 79 1576 ·
136 1546 205 1622 giae
233 1555 340 1604 recent
368 1556 403 1605 ut
428 1548 621 1607 lastinianus.
662 1550 833 1627 Disputavit
859 1547 913 1606 ille
941 1545 979 1606 de
1010 1547 1099 1608 rebus
1128 1545 1239 1608 divinis

5 1683 6 1686 ,
137 1649 209 1688 cum
229 1629 373 1690 ecclesiae
393 1629 581 1710 doctoribus,
603 1652 639 1692 ec
658 1633 784 1693 tandem
805 1631 945 1692 dirimere
967 1633 1157 1714 quaestiones
1178 1634 1240 1702 itu·

136 1716 244 1794 puno
264 1715 344 1776 tastu
365 1727 395 1776 et
416 1721 572 1797 tyrann
599 1719 631 1777 vt
658 1719 749 1778 rnen
770 1719 829 1779 uu
848 1719 976 1798 putavit.
1018 1699 1154 1798 Agbia
1176 1719 1241 1778 1³0-
1363 1735 1366 1748 ·

5 1843 7 1860 .
137 1818 228 1860 mano
249 1801 383 1880 pontifici
404 1801 479 1864 dues
500 1806 534 1864 in
555 1799 673 1862 christo
693 1815 816 1866 naturas
838 1806 982 1864 asserenti
1006 1814 1109 1864 contra
1130 1803 1240 1863 Mouc-

5 1941 6 1948 ,
136 1881 273 1965 physitas
300 1887 481 1970 quibuscum
508 1890 691 1950 lastinianus
718 1891 827 1964 sensit,
855 1891 898 1948 ita
923 1893 1055 1949 minatus
1084 1899 1149 1966 est3
1182 1899 1240 1948 aut

5 2027 6 2036 ,
138 1974 273 2030 consenti
292 1971 390 2048 nobee,
410 1985 467 2034 out
482 1975 574 2035 exilio
588 1985 618 2032 te
632 1972 790 2055 dqrortari
797 1977 935 2056 saciant.
976 1979 1082 2034 Anast.
1096 1977 1129 2034 in
1142 1977 1243 2056 Agap-

5 2115 6 2122 ρ
115 2057 211 2114 ΔΡοοτ
233 2055 418 2138 theologicas
443 2057 667 2142 disquisitiones
697 2082 769 2120 cum
794 2057 945 2140 Eutychio
968 2059 1245 2140 Constantinopoli-

136 2148 208 2200 tano
235 2141 422 2222 patriarche,
455 2155 489 2204 ut
516 2147 581 2206 eius
608 2147 753 2226 temporis
780 2147 907 2227 scriptor
932 2143 1110 2205 Eustathius
1141 2146 1244 2221 refert,

5 2217 6 2282 J
136 2225 303 2310 nqoifiultu
327 2226 346 2292 i
367 2226 507 2310 βασιλεῦς
534 2225 573 2295 iv
593 2229 716 2312 lucinae
735 2227 850 2313 χάρτην
871 2229 1048 2314 περιέχοντα
1073 2225 1133 2312 triu
1153 2226 1245 2312 βλάσ-

139 2333 244 2392 φημον
266 2311 385 2394 ἒκε1νην
399 2310 634 2399 ioypuronoslov
655 2315 750 2398 λέγων
769 2313 804 2380 τὸ
823 2320 911 2398 σῶμα
932 2319 988 2379 soti
1007 2315 1117 2399 κυρίου
1138 2313 1171 2392 ἕξ
1192 2308 1247 2378 ου’-

138 2399 194 2476 esic
214 2391 352 2470 iuducere
372 2394 544 2480 ἄφθαρτον.
587 2394 741 2480 ἄναγαοῦς
761 2397 795 2462 dl
815 2405 892 2463 serios
912 2395 964 2462 edu
983 2403 1124 2463 τοιοῦτον
1143 2395 1247 2483 λόγον,

138 2473 288 2562 ἠνάγκαζε
318 2476 371 2544 τὸν
401 2477 557 2563 Εὖτύχιον
588 2481 754 2560 δέξασθαι,
786 2483 839 2546 nul
871 2477 1044 2564 σύμψηφον
1075 2479 1160 2568 asirqi
1191 2489 1248 2564 τῆς

139 2567 334 2650 βλασφημίας
357 2562 469 2647 ταύτης
492 2565 645 2649 γενέσθαι.
689 2569 829 2628 Protulit
846 2571 1012 2649 imperator
1031 2590 1053 2628 α
1073 2590 1104 2628 ee
1124 2589 1249 2650 compo-

138 2655 236 2711 situm
251 2651 394 2732 edictum,
416 2673 475 2734 quo
491 2653 701 2734 blasphemum
721 2651 805 2713 illud
823 2651 937 2734 dogma
955 2652 992 2718 de
1006 2653 1247 2736 incorruptioni,

46 2793 48 2800 ,
134 2748 209 2818 poet
224 2739 373 2812 unionem,
389 2735 509 2797 domini
523 2739 716 2798 humanitate
730 2739 951 2818 continebatur,
966 2738 1133 2820 quodcum
1149 2742 1248 2799 omni-

140 2823 200 2882 bue
217 2823 401 2904 perlegisset,
422 2824 612 2903 Eutychiana
633 2825 669 2884 id
688 2836 794 2884 ratum
814 2825 937 2897 babere,
961 2825 1080 2906 cibique
1100 2828 1134 2885 in
1155 2836 1247 2884 tanta

141 2907 330 2986 blasphemia
360 2914 524 2968 consentire
552 2913 642 2990 cogit.
687 2907 729 2970 Iel
755 2911 846 2969 ilium
875 2923 1061 2989 respuentem
1091 2909 1248 2990 deportari

141 2995 245 3056 iueee't.
288 2995 427 3054 Caeteros
449 2997 622 3075 episcopos,
654 2997 706 3076 qui
719 2996 759 3053 in
782 2993 1047 3077 disceptationibus
1068 2995 1106 3056 de
1129 2995 1189 3054 fide
1211 3015 1246 3055 eo
1262 2993 1286 3050 l
1300 2995 1339 3051 9⁰

142 3079 287 3158 religione
307 3099 324 3138 a
344 3099 377 3138 se
399 3079 605 3156 dissentirent,
617 3081 676 3141 ,rel
697 3083 825 3140 coniecit
846 3084 877 3140 in
899 3083 1035 3157 vincula,
1057 3083 1108 3140 vel
1129 3084 1246 3142 crucia-

140 3165 223 3224 tibus
241 3175 293 3223 aut
310 3185 383 3224 nece
401 3165 520 3241 effecit3
542 3177 667 3246 experto
685 3166 842 3226 credamus
858 3169 967 3227 Victori
983 3169 1145 3228 Tunnensi
1162 3167 1246 3226 stri-

142 3269 218 3309 ceuo
238 3251 387 3331 Episcopo
408 3253 440 3310 in
462 3249 612 3312 chronico.
654 3250 730 3312 Vide
749 3251 806 3312 has
826 3262 912 3312 notes
934 3251 972 3311 ad
993 3274 1025 3334 p.
1049 3253 1121 3318 115.

227 3337 263 3394 Ρ.
288 3341 365 3411 110,
387 3338 418 3400 9.
463 3335 558 3417 Quod
584 3337 715 3397 alteriue
731 3341 838 3418 partie
854 3339 1021 3418 populares
1043 3340 1148 3417 magis
1171 3338 1249 3398 Cae·

144 3423 212 3480 sari
233 3419 408 3502 studerent]
436 3426 551 3502 Nempe
577 3426 699 3500 Veneti,
733 3423 843 3504 quibus
869 3433 899 3482 et
924 3425 1034 3482 Caesar
1062 3425 1127 3504 ipse
1149 3425 1250 3503 magis

144 3505 292 3583 studebat,
314 3525 406 3589 quam
426 3509 576 3567 Prasiuist
601 3507 684 3589 qnod
703 3507 839 3567 studium
858 3509 973 3588 placuit
993 3510 1125 3587 Evagrio
1146 3509 1251 3570 nomi-

144 3611 217 3649 nare
240 3595 370 3672 purior,
392 3591 590 3672 dementiam,
618 3604 648 3652 et
673 3587 815 3674 θηριώδη
836 3587 976 3676 γνώμην,
997 3591 1167 3653 belluinam
1188 3596 1252 3652 irn-

146 3679 333 3738 manitatem.
374 3680 419 3736 De
443 3697 503 3760 qua
530 3699 601 3738 cum
620 3681 767 3760 Procopio
790 3689 820 3738 et
846 3681 914 3738 aliis
935 3699 1025 3758 saepe
1046 3681 1078 3738 in
1100 3675 1149 3738 bis
1169 3681 1252 3738 notis

145 3760 351 3823 disseruimus.
395 3767 496 3826 Unum
524 3762 574 3822 hio
607 3761 736 3839 addam,
772 3765 880 3823 lustiui
912 3765 1103 3843 imperatoris
1131 3763 1253 3822 illustre

146 3849 369 3923 testimouium,
391 3849 473 3931 quod
494 3869 572 3929 pene
593 3869 644 3908 me
664 3851 868 3930 praeterierat.
911 3847 1127 3929 Theophanes·
1158 3848 1253 3911 iuno·

145 3933 274 4013 δρομίας
301 3933 558 4014 ὶπιταλεσθείοης,
593 3933 646 3996 set
672 3927 929 4012 atterentium
960 3937 1023 3996 teir
1051 3936 1153 4016 μεροῖν
1179 3928 1254 4015 πρὸς

131 4012 296 4098 'dubiove
323 4017 439 4098 insuam
461 4013 659 4100 Muvddrupe
688 4019 731 4093 ele
759 4016 885 4102 ἑκάτερα
906 4013 943 4082 sei
970 4017 1045 4102 μέρη
1072 4014 1253 4099 ὅβαοιλεΰς

147 4103 251 4186 λέγων,
274 4103 317 4178 εἰς
335 4100 393 4207 plu
414 4101 486 4180 soit
507 4102 670 4182 Beeleour,
690 4099 735 4167 bn
755 4098 964 4180 'loemsrsuube
984 4102 1004 4167 i
1026 4099 1166 4187 baensis
1182 4097 1253 4188 παρ’

146 4189 223 4270 ύμῖν
246 4187 445 4267 irrisorum,
466 4189 509 4264 tic
529 4187 562 4252 ii
580 4185 654 4263 eosic
673 4191 858 4270 Πρασίνοας,
880 4185 927 4255 bu
947 4181 1018 4271 παρ’
1037 4188 1112 4271 ὑμῖν
1131 4183 1253 4254 locoss-

147 4271 251 4351 ssurdr
273 4275 315 4339 les
335 4278 381 4360 ζῇ,
402 4273 454 4337 καὶ
468 4269 641 4339 ἀκούσαντα
661 4271 697 4339 sd
719 4274 795 4361 μέρη
812 4274 968 4360 iolyneate,
988 4274 1042 4342 essi
1062 4269 1167 4342 crisin
1185 4273 1254 4357 lps-
