3014 4826
142 1039 611 1284 'onuootus
677 1113 1350 1230 messanenses

525 1331 796 1424 usoctu‘tsue
822 1330 908 1396 tuso
989 1349 993 1356 ,

194 1459 211 1625 ’ἐ
313 1465 587 1562 necuour
639 1485 879 1562 oestuo
932 1483 970 1562 s.
1020 1483 1066 1558 o.

603 1699 807 1714 m

139 1824 408 1943 ANEKAOTA
427 1875 483 1942 iarn
507 1879 595 1945 semel
621 1901 694 1946 anno
721 1883 814 1950 1623.
843 1877 972 1968 Lugduni
997 1883 1128 1962 separate
1156 1869 1240 1947 edita,

141 1974 265 2077 sdbtpgo
294 1977 415 2042 caeteris
432 1977 589 2048 Psocorun
618 1983 810 2048 Caesariensis
831 1981 978 2070 Operibus.
1023 1979 1105 2056 Quae
1133 1973 1243 2059 quidem

143 2082 179 2146 its
199 2091 329 2182 peccaset
347 2079 524 2170 Nicephorus
545 2083 653 2148 Callisti
670 2087 704 2150 F.
719 2099 748 2149 ut
769 2085 859 2150 locoru
879 2086 1009 2148 Arcauee
1027 2078 1090 2142 lruic
1104 2075 1244 2140 Historiae

141 2194 308 2270 postremum
318 2181 426 2246 tribnat.
452 2185 536 2275 xligo
546 2207 615 2249 vero
632 2181 772 2251 dedissem
786 2189 917 2276 primurn,
942 2185 966 2248 si
979 2194 1084 2248 mutare
1099 2177 1136 2241 ob
1158 2177 1242 2240 luter·

142 2257 228 2381 prctlp
248 2281 372 2389 meritum
396 2283 526 2352 licuisset.
569 2287 643 2352 Novi
668 2303 782 2375 quantus
807 2289 851 2352 vir
875 2285 957 2354 luerit
973 2285 1138 2348 Nroonsos
1163 2279 1246 2344 Ann-

142 2384 290 2454 mutus:
310 2385 464 2472 amplector
477 2387 681 2476 nitoremstpli:
708 2391 812 2468 Notas,
835 2413 903 2477 quas
917 2385 1063 2452 historicas
1085 2379 1247 2469 appellauit,

141 2467 277 2577 singblari
301 2485 402 2573 plenas
432 2489 586 2554 eruditione
615 2491 770 2558 deosculor.
814 2491 969 2556 Addiderat
997 2484 1155 2561 censorias,
1185 2481 1246 2545 sive

142 2587 246 2652 Graeci
273 2597 365 2653 textus
389 2589 626 2678 recognitionem,
661 2593 689 2658 in
708 2593 856 2658 lectionum
877 2579 1052 2666 diversitate,
1087 2599 1117 2652 et
1141 2605 1246 2658 eorum,

138 2688 213 2776 qu'e
235 2687 441 2780 Typograpbus
460 2705 642 2778 peccaverat,
667 2694 840 2760 surrectione
856 2694 976 2760 maxime
997 2691 1124 2779 positam.
1166 2685 1246 2752 Eius·

138 2791 217 2860 modi
244 2798 323 2854 notm
339 2789 437 2867 omisi,
467 2806 561 2880 utpote
582 2795 637 2860 inm
661 2796 783 2862 inutiles:
813 2820 873 2860 cum
892 2809 920 2862 et
947 2793 1083 2860 lectiones
1103 2787 1198 2853 varias
1218 2785 1249 2848 in

37 2983 39 2992 y
75 2909 81 2919 '
140 2892 272 2980 margine
300 2893 498 2976 disposuerim,
543 2909 572 2959 et
598 2897 716 2960 mendas
746 2896 875 2960 editionis
907 2891 1102 2978 Lugdunensis
1129 2886 1247 2951 vitarim.

139 2992 284 3060 Nonnulla
306 3004 399 3054 tumen
421 2991 526 3077 collegi
547 3015 683 3070 seorsum,
710 2995 846 3077 retulique
870 2992 899 3054 in
921 2988 1128 3054 emendationes
1151 3007 1248 3050 meus:

140 3093 189 3164 ubi
204 3093 290 3158 etium
303 3091 554 3178 interpretationem
573 3094 661 3179 ipsam
677 3092 797 3157 correxi.
840 3092 913 3158 Nam
928 3093 983 3156 hoc
1001 3091 1028 3155 in
1047 3091 1119 3155 libro
1139 3102 1182 3154 ter
1202 3097 1250 3151 aut

141 3207 241 3284 quater
257 3193 422 3279 Procopius,
446 3193 499 3258 nisi
523 3195 623 3272 lollor,
650 3195 724 3260 allud
739 3197 867 3274 Graece,
890 3195 965 3260 aliud
979 3192 1078 3258 listina
1100 3191 1173 3255 dicit.
1216 3189 1248 3253 ld

142 3297 217 3385 quod
244 3295 326 3360 valde
350 3296 497 3365 humanum
517 3308 568 3364 est.
611 3297 668 3364 vix
692 3297 765 3362 euim
787 3309 878 3382 potest
901 3296 978 3372 fiori,
1004 3307 1032 3360 ut
1057 3315 1118 3356 cum
1141 3289 1249 3354 Anthou·

142 3398 279 3486 quispiam
300 3398 390 3463 evasit
408 3403 571 3486 δίγλωσσος
593 3420 627 3461 ac
646 3398 741 3486 lingua
764 3397 865 3483 duplici
887 3393 1019 3484 loquitur,
1049 3406 1162 3480 utraque
1176 3413 1247 3455 sem·

143 3523 197 3586 per
221 3511 344 3576 conant,
374 3523 427 3565 nec
450 3499 561 3566 diversa
589 3500 725 3564 interdum
754 3498 886 3586 proferat,
929 3495 1117 3576 Quamobrem
1144 3492 1247 3561 cautius

143 3600 256 3668 mutis
277 3623 367 3688 agere
383 3603 478 3681 solco,
501 3603 564 3690 qul,
591 3615 619 3668 nt
641 3603 680 3666 ita
697 3601 800 3677 dicem,
823 3623 874 3666 ore
895 3613 956 3665 sunt
976 3599 1089 3688 gemino
1117 3593 1246 3682 praediti,
1289 3620 1324 3660 ⁸.

144 3703 351 3792 diligenterque
371 3706 499 3790 attendo,
528 3727 591 3768 num
613 3725 667 3768 uno
692 3725 788 3768 verum
809 3702 997 3790 pronuntient,
1028 3701 1117 3764 altero
1139 3697 1244 3760 lalsnrn.

145 3806 197 3874 Sic
217 3806 341 3888 utendas
360 3806 445 3871 velim
466 3805 503 3874 ad
526 3828 575 3884 ea,
602 3827 673 3892 qnae
695 3804 757 3892 ipse
778 3805 808 3868 in
828 3804 953 3868 Latinum
973 3802 1051 3870 serti.
1094 3801 1153 3866 lam
1177 3819 1248 3864 vero

145 3908 226 3984 siue,
266 3907 414 3988 Laeron,
448 3909 782 3995 paucis-commemorem
808 3905 973 3970 beneficium
1002 3905 1035 3972 ll.
1067 3904 1098 3968 P.
1128 3900 1243 3966 Possini.

39 4085 41 4098 Ι
144 4011 232 4074 Eram
246 4009 390 4090 admodum
405 4010 585 4088 adolescens,
608 4020 635 4074 et
649 4033 665 4074 a
679 4007 794 4072 consilio
808 4007 1000 4094 suscipiendae
1015 4000 1246 4090 interpretationis
1271 4083 1275 4090 ι

39 4099 41 4212 l
145 4107 276 4194 Procopii
304 4109 466 4196 longissime
490 4111 616 4188 aberam;
647 4111 756 4196 maudo
783 4108 854 4172 luter
883 4109 967 4196 ipsius
990 4130 1085 4172 manus
1112 4105 1245 4193 Codieem

39 4251 40 4258 .
147 4207 205 4274 uidi
226 4209 306 4276 huius
324 4211 462 4277 Historiae
481 4213 545 4280 MS.
567 4230 647 4300 quem
668 4211 756 4276 habet
776 4209 945 4295 amplissima
962 4208 1135 4274 Bibliotheca
1155 4209 1246 4272 lanu·

39 4281 44 4402 l
148 4335 314 4380 sumserunt
335 4313 554 4382 Crucnuussrn
570 4315 669 4380 Perat
690 4315 868 4380 Sroornurr.
911 4311 955 4376 Es
976 4331 1013 4374 oo
1034 4309 1128 4374 illein
1151 4302 1245 4373 uxen-

38 3459 54 3545 l.

39 4487 40 4500 t

39 4513 41 4532 l
