2960 4824
252 247 331 322 430
600 248 647 317 ΙΝ
670 245 1000 317 titensheim

251 417 415 497 imperium
434 432 526 473 suunt
547 411 641 493 digne
660 403 820 498 iudicavit,
842 427 870 474 et
890 415 937 474 m'e
956 415 1148 495 acciperetis
1162 423 1294 494 portare
1317 409 1371 472 ad

251 514 382 562 vernam
406 503 612 579 sanctitatem,
640 498 801 581 docereque
822 501 1005 576 cremabiles
1021 501 1203 574 monachas,
1224 511 1262 560 ut
1284 519 1367 556 curre

254 608 308 646 vos
329 584 427 646 edocti
447 587 548 663 eritis,
577 607 657 664 quae
678 587 717 645 ab
738 590 815 666 speie
826 587 922 664 facta
943 597 1028 663 eunt,
1051 587 1195 646 canonice
1208 587 1366 662 formetis

230 695 304 747 aa,
327 691 407 751 quae
431 683 547 730 vestrae
567 669 754 730 beatitudini
780 671 923 732 vitientur·
943 671 1013 730 bau
1031 671 1149 730 habere.
1193 673 1270 729 Has
1291 673 1367 728 ita-

250 777 310 840 que
337 775 407 816 cnm
435 754 481 815 ad
504 775 617 814 manus
637 757 783 838 lzabccm,
809 770 926 818 vestrae
950 755 1136 816 beatitudini
1160 759 1290 836 porrigo
1317 752 1369 812 ad

64 891 69 898 .
224 839 420 932 ,legendnm
462 842 509 899 Da
538 841 775 903 refendariorum
802 863 929 904 numero
957 861 992 902 ac
1021 839 1167 924 dignitate
1195 839 1268 900 vide
1300 859 1367 900 no·

249 929 363 988 vellem
383 927 434 990 10·
472 975 474 982 .
812 957 815 964 ’

334 1015 369 1070 Ρ.
392 1013 450 1086 90,
472 1013 504 1073 2.
547 1011 692 1092 laragia
720 1015 810 1072 ouria
836 1013 989 1073 conventis
1010 1009 1184 1090 iudicibus]
1213 1013 1296 1069 Nam
1331 1013 1366 1068 in

194 1171 198 1180 ⁸
250 1099 413 1178 porticibus
441 1099 648 1175 imperatoriae
685 1097 792 1158 domus
822 1109 885 1157 erat
911 1099 1130 1179 praefectorum
1158 1098 1364 1175 praetorium,

252 1195 446 1264 quaestorum
465 1183 611 1258 tribunal,
633 1182 768 1242 iudicmn
789 1185 941 1259 subsellia,
964 1181 1234 1242 referendariorum
1256 1181 1363 1256 sedes,

203 1277 206 1284 ’
252 1270 451 1328 tabellionum
475 1265 605 1326 archiva.
647 1269 723 1330 Vide
743 1272 924 1348 Procopium
944 1269 966 1326 l.
991 1275 1006 1332 1
1031 1267 1122 1326 aedif.
1147 1277 1306 1339 extremo,
1332 1279 1364 1324 et

253 1351 417 1433 Agathiam
436 1353 496 1414 1.ss
516 1355 613 1412 initio.
656 1357 752 1426 Quare
766 1356 869 1434 palatii
890 1373 945 1414 seu
965 1357 1065 1412 curiae
1086 1354 1208 1412 nornine
1231 1351 1362 1426 iudicia,

253 1440 429 1514 tribunalia,
459 1457 625 1520 causaeque
653 1439 786 1500 forenses
808 1451 960 1499 notantur.
1004 1439 1108 1498 Sicin
1128 1435 1247 1496 theatro
1269 1438 1363 1516 plebs

254 1525 437 1582 inclamabat
450 1525 625 1600 Iustiniana,
644 1521 677 1587 ed
697 1523 842 1588 naloirroc
858 1530 920 1588 noti
941 1523 1020 1588 torm
1042 1519 1098 1586 otis
1112 1523 1250 1602 οἴδαμεν.
1295 1525 1365 1582 Pa·

254 1611 385 1685 Ictium,
406 1615 589 1690 seuxcuria,
614 1610 669 1668 ubi
688 1614 730 1668 cit
750 1614 908 1670 nescimus.
942 1611 1007 1669 Ηοο
1028 1621 1088 1685 est,
1110 1607 1196 1666 nulla
1216 1618 1365 1701 puperest

253 1695 434 1756 iudiciormn
454 1695 562 1754 forma.
651 1715 653 1722 ’

338 1783 374 1840 Ρ.
392 1785 451 1855 90,
472 1778 503 1843 4.
546 1783 628 1840 Erat
647 1780 818 1859 respublica
838 1781 929 1858 quasi
949 1779 1174 1838 lascivientium
1192 1798 1366 1857 puerorum

250 1859 373 1946 'reginuJ
395 1868 651 1939 linteamenta,
673 1877 703 1924 et
725 1867 895 1924 consimiles
916 1863 988 1924 huic
1009 1867 1086 1924 aliae
1107 1865 1235 1924 fortasse
1260 1861 1364 1922 dietae

252 1950 460 2032 inspicientis
481 1950 655 2026 videantur,
679 1962 708 2008 et
730 1955 856 2010 oratorie
882 1954 999 2030 potius,
1029 1969 1121 2031 quam
1142 1949 1182 2008 ad
1203 1947 1366 2024 historiae,

253 2037 443 2094 severitatis
464 2033 589 2094 modum
611 2055 787 2114 expressae,
825 2033 887 2095 Sed
907 2039 996 2117 aequi
1017 2057 1118 2095 remm
1140 2038 1365 2109 aestimatores,

252 2113 298 2179 uti
320 2123 472 2198 graviora,
496 2139 573 2200 quae
594 2121 627 2178 in
648 2117 706 2179 hoc
727 2121 831 2180 libello
852 2123 972 2200 legunt,
996 2123 1125 2195 aliorum
1145 2119 1365 2179 historicorum

250 2206 432 2264 testimoniis
454 2205 646 2284 comprobata
665 2203 787 2280 rident3
810 2211 854 2280 ita
870 2217 899 2265 et
915 2207 1028 2266 leviora
1042 2209 1097 2268 illa
1111 2204 1260 2281 riderent,
1281 2225 1365 2287 quae

251 2291 290 2349 ob
318 2290 469 2370 sepultam
490 2291 621 2350 tenebris
647 2294 834 2372 antiquitatis
856 2291 1029 2368 historiam,
1052 2293 1195 2351 ,invenire
1216 2294 1366 2351 testimo·
1439 2317 1440 2332 ¹

250 2378 337 2436 nium
361 2373 445 2434 idem
465 2395 526 2436 uon
548 2388 720 2456 potuemnt.
763 2381 803 2436 At
829 2398 900 2438 raro
926 2389 960 2438 ut
989 2375 1045 2436 has
1072 2381 1153 2456 ipsas
1179 2380 1362 2452 sententias,

251 2481 330 2543 qnae
351 2465 507 2520 veritatem
527 2461 673 2520 excedere
693 2460 842 2538 ridentur,
865 2465 902 2522 ab
924 2483 960 2521 ea
980 2467 1106 2522 minime
1128 2459 1291 2521 abhorrere
1313 2465 1363 2520 le-
1437 2503 1438 2561 t

252 2557 316 2608 ator
336 2549 502 2624 intelligat3
525 2547 619 2622 illud,
642 2549 744 2621 velim,
766 2550 848 2626 legat
869 2547 1011 2608 historiae
1031 2549 1252 2628 fragmentum,
1275 2545 1363 2627 qnod
1436 2609 1437 2639 ,

252 2653 292 2691 ex
312 2629 500 2711 Theophane
523 2631 561 2690 ad
581 2653 612 2710 p.
636 2631 676 2692 56
698 2631 912 2710 pmduximus3
942 2637 975 2692 in
997 2655 1033 2693 eo
1054 2653 1127 2692 sane
1148 2635 1233 2691 velut
1254 2635 1283 2691 in
1309 2645 1362 2689 ta-
1435 2693 1436 2717 ἢ

250 2717 323 2776 bula
345 2715 554 2776 adumbratam
576 2718 794 2796 contempletur
815 2719 1031 2797 rempublicam
1053 2723 1239 2792 Romanam,
1266 2719 1360 2796 qu'asi
1434 2767 1435 2795 ,

253 2805 474 2864 lascivientium
495 2821 656 2882 puerorum
676 2807 812 2882 reginam
828 2803 921 2864 fuisse
940 2807 1097 2863 lustiuiani
1116 2803 1327 2884 temporibus..
1433 2845 1434 2873 ,

339 2891 375 2947 P.
398 2889 449 2960 90,
473 2893 504 2955 6·
546 2891 609 2948 Leo
633 2888 762 2968 quidam
779 2911 886 2968 genere
910 2889 1002 2971 Cilix]
1032 2893 1089 2948 Hic
1110 2899 1172 2949 erat
1193 2893 1364 2969 imperato·
1432 2913 1433 2951 t

256 2976 296 3034 ria
318 2973 553 3051 referendarius,
575 2983 609 3033 ut
630 2971 723 3033 habes
744 2975 822 3034 infra
843 2996 874 3054 p·
899 2978 970 3039 129.
1179 3013 1184 3023 ·
1430 2995 1432 3058 t

339 3061 375 3118 P.
397 3059 456 3134 95,
480 3063 530 3121 16.
573 3060 612 3119 In
632 3061 791 3118 maritima
813 3059 1010 3133 suburbana,
1034 3061 1213 3138 praesertim
1235 3060 1270 3116 ia
1293 3061 1363 3118 He.
1430 3059 1431 3107 l

256 3163 363 3204 rarum
386 3141 549 3218 secedebat]
572 3145 736 3221 Praecipua
760 3144 935 3202 deliciarum
953 3147 1018 3202 loca
1038 3145 1093 3202 sub
1115 3145 1188 3202 urbe
1209 3147 1363 3223 Byzantio

136 3229 240 3306 Ι0869
258 3227 332 3286 haec
353 3225 582 3304 imperatoribus
603 3227 741 3300 fueruut3
755 3224 920 3308 Ἕβδομον,
939 3231 1123 3308 septimum.-
1144 3249 1206 3289 uon
1226 3233 1366 3308 septima
1428 3209 1429 3263 0

254 3313 392 3394 Byzantii
420 3311 519 3388 regio,
549 3321 583 3368 ut
612 3314 751 3390 opinatur
772 3315 945 3372 Heribertus
967 3313 1140 3394 Rosreydus
1169 3317 1201 3372 in
1228 3327 1296 3373 not.
1322 3313 1366 3374 ad
1425 3281 1428 3370 0

253 3403 307 3458 vit.
326 3399 390 3455 Pat.
413 3395 468 3454 sad
489 3396 693 3454 suburbanum
714 3401 842 3478 septimo
864 3399 901 3458 ab
921 3399 995 3458 urbe
1018 3399 1120 3479 lapide
1142 3397 1268 3460 distans.
1315 3405 1366 3460 lta

255 3485 410 3557 Socrates,
441 3492 470 3542 at
491 3481 693 3558 sozomenus,
724 3484 837 3544 idatius
858 3487 891 3543 in
920 3486 1020 3560 fastis,
1055 3485 1169 3544 Valens
1188 3485 1367 3564 Augustas

256 3569 570 3647 Constantinopolim
585 3568 722 3626 miliario
743 3573 869 3648 septimo
885 3569 1005 3628 levatm
1026 3571 1086 3646 eat;
1108 3582 1138 3629 et
1159 3571 1248 3628 infra.
1293 3573 1368 3632 His

221 3715 227 3724 ,
253 3654 431 3716 consulibus
453 3654 573 3712 levatus
592 3661 636 3711 est
656 3653 816 3713 Arcadias
842 3655 1009 3735 Augustae
1033 3655 1305 3734 Constantinopoli
1329 3661 1368 3716 ia

252 3741 390 3802 miliario
413 3741 547 3820 septimo.
590 3741 738 3820 Pleraque
759 3741 817 3798 alia
838 3742 905 3800 loca
929 3751 1013 3816 sunt,
1042 3751 1119 3822 qu'ae
1146 3761 1187 3799 ex
1213 3743 1367 3801 mensure

253 3839 350 3887 certae
379 3827 416 3884 ab
445 3825 569 3884 urhihm
598 3823 755 3884 distantiae
782 3847 893 3886 nomen
923 3837 1109 3906 acceperunt.
1152 3825 1189 3885 Id
1221 3828 1366 3906 explicat

164 3920 240 3976 Abi>
254 3915 417 3990 Procopius
444 3913 477 3967 in
507 3913 656 3968 consimili
684 3914 806 3970 nomine
832 3910 897 3974 1.4
926 3911 1015 3970 aedif-
1045 3905 1196 3995 φρούριον
1217 3909 1252 3973 δὲ
1282 3909 1366 3976 r'r'iio

255 3995 462 4076 διαφερόντως
489 3991 592 4099 ixupiv
615 3989 757 4076 totosque
776 3992 954 4078 Σιγγιδόνος
980 3989 1057 4059 o'eroi
1081 3997 1364 4078 aqpeiorrbrizov,
1416 3999 1419 4056 l

252 4078 327 4164 ὅπερ
347 4075 493 4159 Ὀκτάβιον
514 4085 594 4161 λογῳ
613 4083 657 4164 τῷ
678 4077 769 4142 εἰκότι
788 4085 941 4143 καλοῦσι..
965 4081 1161 4141 Praesidium
1182 4079 1277 4140 aliud
1300 4105 1367 4162 erp-
1417 4059 1418 4121 0

248 4169 350 4247 prime
372 4166 613 4222 munitissimum
634 4167 789 4243 excitavit,
821 4163 904 4246 qnod
931 4165 970 4225 ab
999 4167 1071 4226 urbe
1092 4165 1260 4247 Singidone
1290 4179 1366 4226 acta
1413 4137 1417 4277 i

245 4253 347 4334 ferme
376 4247 569 4564 Qus
597 4247 713 4322 dietam
741 4271 836 4330 quare
867 4251 1017 4312 Octavam
1045 4256 1185 4334 apposite
1214 4263 1366 4314 montier.
1412 4275 1415 4355 q

523 4581 530 4643 l

513 4688 525 4768 ¹.
