2992 4826
106 348 116 367 γ
220 283 297 356 soc
568 281 614 362 ru
639 279 750 347 snsr.
773 277 969 358 mosum
1017 239 1025 250 ’

98 446 106 457 ’
218 455 365 513 loannem
379 447 514 510 Gutum
534 449 680 524 nominat,
702 467 794 530 quem
811 447 889 506 inira
903 447 1065 528 Procopius
1088 455 1121 518 et
1137 442 1321 509 Theodorus

218 541 328 597 Lector
345 533 485 616 Cynum
508 536 634 614 quisque
654 553 710 614 pro
731 552 804 594 suae
821 535 943 612 linguae
964 535 1154 614 proprietate.
1196 533 1248 592 Sic
1265 535 1324 592 iu-

218 624 368 682 stinianns
396 639 415 678 a
441 623 504 680 auis
528 619 690 698 gentilibus
718 623 888 695 Uennoni,
922 615 980 678 hoc
1006 631 1068 696 est,
1096 627 1176 678 recta
1205 619 1320 678 institia

219 705 318 768 dictur
339 716 401 766 est:
427 706 553 768 Venetos
574 707 681 764 Graeci
696 703 852 778 Κνανὲοος
870 716 1030 766 coemunt:
1054 697 1245 782 Bigilnisam
1265 707 1320 762 Iu-

218 793 342 853 stiniani
362 809 506 866 sororem,
533 790 739 870 Vigilantiam
752 791 853 850 Latini
874 793 955 850 vocis
975 787 1204 850 similitudinem
1224 791 1320 849 secuti

219 877 374 938 dixerunt.
415 874 465 936 Ad
483 895 572 934 nsum
593 893 664 956 ergo
685 877 768 934 illius
790 877 894 936 aetatis
912 895 968 934 nos
981 877 1152 934 Heluorum
1164 877 1320 948 vertimus,

218 973 249 1022 et
271 963 350 1022 inira
377 960 625 1038 cucurbitinum,
646 961 846 1040 fcrfiouiom,
880 971 911 1020 et
930 963 958 1020 ai
979 980 1054 1042 quoe
1081 962 1166 1020 alios.
1209 956 1320 1042 φορὰς,

217 1047 344 1107 barbara
364 1047 447 1106 vocis
468 1047 565 1105 forma
586 1047 677 1126 vulgo
701 1048 792 1104 etiarn
814 1057 883 1105 ante
896 1048 1054 1106 Iustiniani
1075 1056 1209 1126 tempora
1228 1065 1320 1106 usur-

217 1143 306 1214 pata3
336 1133 466 1192 Basilius
487 1129 527 1190 ad
549 1129 814 1212 Amphilochium,
845 1128 900 1196 τᾶν
920 1128 954 1194 di
974 1127 1077 1215 propio
1097 1133 1321 1213 πνροξνοονοῦ·

218 1241 290 1302 μιν,
313 1238 369 1277 noa
389 1227 485 1278 acreta
503 1239 575 1278 oceo
589 1220 836 1296 pronunciantem
856 1209 967 1296 φορόν.
1320 1245 1324 1260 ·

302 1304 339 1364 Ρ.
347 1305 399 1378 30,
414 1307 464 1368 10.
492 1303 580 1362 Haec
593 1303 633 1363 ab
646 1305 687 1362 iio
701 1301 739 1361 de
752 1325 783 1361 ee
796 1301 869 1382 dior]
891 1305 969 1361 Nam
983 1321 1053 1360 cnm
1066 1295 1228 1361 Theodora
1241 1299 1320 1358 iibe-

218 1406 268 1448 rce
289 1387 409 1468 imperii
429 1407 616 1448 successores
636 1409 699 1449 non
719 1386 861 1462 haberet,
884 1405 988 1446 omnes
1010 1387 1068 1452 sibi
1090 1385 1320 1466 persuadebant,

218 1473 367 1534 feminam
387 1472 625 1550 solertissimam,
646 1484 676 1534 et
695 1472 865 1554 imperandi
878 1471 1018 1552 cupidam
1038 1474 1080 1530 ita
1096 1491 1160 1530 rem
1175 1481 1321 1546 nonnam,

130 1561 206 1616 Aio
221 1569 256 1618 ut
284 1560 449 1618 iustiniano
478 1557 636 1636 defuncto,
664 1580 704 1617 ne
731 1579 853 1638 prorsus
879 1557 1082 1617 dominatione
1103 1554 1323 1634 deturbaretur,

218 1653 356 1726 paratum
379 1642 504 1706 haberet
524 1643 680 1704 hommem
700 1644 891 1718 benevolum,
915 1645 964 1702 cui
983 1645 1146 1722 imperium
1166 1651 1326 1716 assereret,
1372 1693 1376 1700 .

127 1733 150 1786 P
166 1735 202 1790 96
218 1729 268 1790 val
289 1731 380 1790 etiarn
400 1733 593 1790 matrimonio
608 1733 789 1790 sociaretur:
811 1727 894 1810 quod
907 1725 1022 1808 Sophia
1043 1729 1149 1787 lustini
1164 1727 1320 1788 iustiniani

218 1817 338 1894 nepotic
360 1834 458 1891 uxor,
479 1836 515 1874 ac
536 1813 716 1876 Theodorae
741 1818 840 1895 neptis
862 1833 980 1874 summa
1004 1813 1161 1893 diligentia
1186 1813 1322 1887 curneit3

219 1919 405 1982 quamquam
432 1901 550 1960 resilii
576 1901 700 1962 demum
725 1903 846 1961 sinistre
867 1899 976 1960 cecidit
1005 1919 1074 1958 cum
1095 1899 1219 1960 Tiberio
1240 1899 1323 1957 Gon-

218 1988 348 2046 atontino
371 1988 563 2064 imperatore.
1325 2037 1329 2048 .

205 2140 208 2148 ¹
303 2069 398 2143 P.80‚
409 2072 458 2133 12.
478 2074 587 2130 Bucen
596 2080 712 2148 repente
722 2067 862 2149 accercit]
883 2071 941 2128 Hic
955 2067 1127 2130 inThracia
1140 2080 1239 2146 natus,
1253 2067 1321 2128 bel-

219 2153 311 2234 loqua
333 2154 431 2214 clarus
453 2174 470 2212 a
491 2157 656 2214 Iustiniana
680 2155 714 2213 in
731 2157 877 2214 Armenoc
904 2157 1047 2233 mittitur3
1076 2153 1185 2219 deinde
1206 2156 1322 2234 collega

219 2239 339 2317 imperii
359 2257 414 2316 per
433 2241 581 2300 orientem
602 2237 689 2298 detur
711 2240 874 2314 Belisari03
897 2238 1021 2300 demum
1041 2252 1137 2301 totam
1157 2261 1235 2301 unua
1256 2242 1322 2320 ipae

219 2321 510 2384 adminisuationem
529 2323 652 2400 habuit,
675 2323 811 2407 quandiu
833 2327 997 2386 Belioarius
1019 2327 1158 2387 initalia
1178 2325 1322 2388 adversus

219 2405 348 2469 Gotthos
367 2414 532 2489 pugnavit:
555 2411 671 2494 reliqna
693 2409 731 2472 de
753 2409 861 2472 eodem
882 2409 933 2471 hic
949 2413 1038 2491 legis.

304 2496 340 2553 P·
363 2497 414 2569 31,
438 2497 491 2562 10.
532 2497 700 2578 Imperator
722 2499 933 2575 exenteravit]
962 2500 1060 2557 Autot
1081 2494 1257 2577 appendicis
1283 2492 1323 2554 ad
1377 2543 1383 2570 ,

220 2574 384 2639 chronicon
395 2582 581 2658 Marcellin13
603 2583 776 2644 Belisarieu
791 2581 827 2641 de
841 2585 952 2642 oriente
964 2593 1105 2644 evocatur
1121 2585 1156 2640 iic
1176 2583 1322 2662 offensam

75 2717 78 2724 .
149 2715 154 2738 ¹
217 2663 449 2746 periculumque
470 2669 628 2728 irwurrene
650 2689 764 2747 grave,
793 2677 822 2726 et
845 2664 983 2726 invidiae
1008 2667 1183 2740 subiacens,
1213 2687 1323 2725 rnreuc

220 2751 384 2809 remittitur
404 2747 451 2809 ad
471 2751 610 2813 [tahani.
652 2755 718 2811 Hoc
745 2753 812 2812 loco
835 2769 937 2811 reram
958 2763 988 2811 et
1008 2756 1157 2833 integram
1178 2750 1215 2814 dc
1237 2752 1329 2809 Beli--

219 2835 291 2894 carii
313 2833 561 2898 exanthoratione
575 2850 666 2920 atque
684 2841 870 2898 restitutione
884 2835 1021 2898 videmus
1035 2837 1203 2900 historiam.
1244 2839 1328 2912 Nam'

220 2918 337 2980 effossis
365 2923 461 2982 oculis
491 2926 524 2984 in
556 2928 644 2984 trivio
665 2922 853 2983 mendicasse
873 2925 978 2984 obolos
999 2926 1188 2998 Belisariunt,
1200 2932 1323 2981 narrant

220 3005 282 3080 otti,
304 3005 413 3087 quibus
433 3007 540 3068 Petrus
563 3012 692 3074 Crinitus
713 3009 735 3068 l.
756 3009 794 3076 15
817 3007 855 3068 de
876 3001 1006 3070 honesta
1022 3008 1190 3090 disciplina,
1211 3020 1242 3068 et
1260 3011 1323 3067 Ra-

220 3085 312 3168 phaet
334 3089 544 3170 Volaterranos
566 3096 588 3152 1.
602 3096 645 3157 23
666 3091 848 3174 Anthropol.
870 3093 962 3152 fidem
983 3093 1104 3154 habant.
1147 3094 1183 3154 td
1205 3095 1322 3153 etiamsi

221 3177 347 3232 Ioannes
368 3175 495 3234 Taetzes
517 3175 655 3237 chiliade
672 3179 694 3240 3
716 3183 977 3252 commemoravit3
1005 3191 1106 3240 tamen
1127 3179 1205 3240 illud
1226 3181 1323 3259 magio

221 3267 455 3316 consentaneum
476 3257 548 3318 hum
568 3265 708 3341 Procopii
725 3266 889 3322 narrationi
909 3261 1055 3324 subdidit.
1259 3333 1263 3339 ,

286 3347 287 3355 ’
327 3337 413 3405 iiiios
433 3343 511 3422 uoti
530 3349 592 3410 τοῖν
612 3351 763 3429 χρονικῶν
784 3344 827 3428 μή
848 3353 1051 3431 τυφλωθῆναι
1071 3351 1188 3428 τοῦτον,

325 3423 358 3501 ἒξ
378 3425 524 3508 ἐπιτίμιον
544 3427 577 3495 d'
598 3429 706 3514 ἄτιμον
726 3428 857 3514 ἐσχάτως
876 3433 1041 3515 γεγονέναι,

325 3509 378 3574 aui
397 3508 490 3578 πάλιν
512 3516 556 3590 εἰς
573 3511 741 3598 ricciarium
762 3517 851 3599 δόξης
870 3519 973 3583 ἐλθεῖν
994 3517 1149 3603 προτέρας.
1257 3533 1260 3538 “
1327 3563 1330 3576 ·

219 3591 289 3653 Alii
317 3595 497 3678 chronologi
522 3602 671 3682 uadunt,
702 3625 763 3663 non
785 3617 977 3666 excaecatum
1006 3603 1098 3665 ilium
1117 3604 1241 3684 fuicee,
1268 3597 1326 3659 aed

220 3677 390 3758 dignitate,
416 3697 445 3742 et
473 3689 614 3748 omnibus
635 3711 714 3768 pene
738 3689 907 3750 honoribuo
934 3693 1116 3771 spoliatum,
1131 3683 1133 3687 ’
1148 3691 1259 3747 iterum
1279 3683 1326 3744 ad

215 3768 386 3846 pristinam
409 3771 545 3849 gloriam
571 3787 746 3836 revocatam
764 3779 880 3856 fuisse.
931 3779 978 3836 De
1007 3779 1120 3838 Ioanne
1146 3768 1325 3852 cappadoce

221 3853 286 3911 viro
307 3857 432 3933 patricio
454 3863 633 3939 exconsule,
656 3873 686 3922 et
706 3865 847 3944 praetorii
867 3863 1033 3942 praefecto,
1062 3856 1184 3920 nonde
1205 3857 1324 3916 Belisa-

221 3938 277 4009 rio,
298 3950 398 3997 narrat
418 3943 581 4023 Procopius
602 3949 661 4010 1.1
684 3949 756 4006 bell.
773 3949 857 4007 Pers.
870 3957 1026 4021 ,extremo‚
1049 3965 1120 4006 cum
1139 3947 1173 4002 in
1194 3944 1333 4002 anilium¹

222 4019 304 4100 apud
318 4025 491 4105 Aegyptum
511 4031 585 4106 iret,
607 4050 626 4090 a
647 4033 827 4093 satellitibus
847 4043 982 4091 coactum
1004 4027 1096 4112 ἄρτον
1116 4023 1140 4110 ἦ
1160 4021 1269 4108 idolio
1288 4025 1323 4090 ia

221 4111 283 4168 raia
303 4105 550 4186 προσπιπτὸντοον
569 4115 730 4194 αἰτεῖσθαι,
747 4137 860 4196 ponem
878 4116 928 4175 vel
947 4116 1071 4178 choium
1091 4115 1130 4176 ab
1151 4114 1250 4174 obviis
1265 4133 1331 4192 pe·-

221 4201 289 4249 tm.
331 4191 393 4282 Sed
423 4195 461 4254 de
487 4200 633 4262 Beliaaric
660 4201 826 4282 tyrannidis
853 4203 1042 4282 insimulato,
1073 4207 1198 4282 eiusque
1226 4199 1321 4272 obitu,

219 4275 298 4335 inira
305 4320 315 4352 ,
340 4277 379 4336 ad
399 4298 468 4357 pag.
491 4286 543 4347 80.
