2992 4826
153 367 155 382 Ι
249 283 323 356 ενο
535 347 537 349 ,
596 283 642 352 ru
667 281 778 352 uss.
805 281 1001 353 anesum

331 449 367 508 P.
388 445 447 524 46,
474 449 525 512 11.
573 447 760 510 Amantium
794 448 1002 510 eunuchorum
1036 447 1130 510 aulos
1156 443 1356 531 principem]

244 535 437 595 Marcellinus
453 533 573 613 palatii
591 537 804 616 praepositum
830 537 982 610 nominat;
1012 535 1161 615 Evagrisu
1178 537 1357 614 imperato·

246 624 293 680 rie
314 619 451 679 cubiculi
462 617 665 698 praejectum.
707 623 781 679 Erat
800 622 831 680 is
848 617 1014 698 cunuchus,
1036 640 1132 702 eaque
1150 641 1182 680 re
1203 639 1274 678 urm
1290 611 1362 678 sibi'

246 725 390 788 quaerere
410 707 573 784 imperium
594 726 655 764 non
676 717 791 786 posset,
821 703 853 764 id
874 706 996 787 optabat
1016 701 1179 766 Theocrito
1207 706 1356 764 familiari

246 811 322 866 suo;
350 789 431 848 uude
450 789 668 871 perduellionis
688 793 891 870 suspicionem
911 795 1084 868 inconcus„
1114 811 1133 850 a
1156 793 1271 849 lustiuo
1293 811 1358 848 ne-

245 887 348 936 catur:
370 873 454 934 addit
475 877 668 934 Marcellinus
689 895 812 936 oausam
832 874 964 936 haeresis
978 874 1234 950 Manichaeorum,
1256 895 1357 955 quare

245 956 396 1041 α’ντᾶρτης
416 958 481 1040 τῆξ
490 958 630 1040 αριάδος,
658 961 778 1020 rebellis
805 963 958 1040 trinitatis
979 982 997 1020 a
1017 963 1121 1043 Tyriis
1140 971 1263 1021 vocatus
1294 971 1359 1036 est,

244 1057 275 1106 et
296 1066 314 1106 a
333 1045 488 1126 Byzaniiis
509 1048 659 1106 Zammac
679 1048 718 1105 ab
746 1041 859 1126 insigni
881 1047 1060 1106 Manichaeo
1089 1044 1226 1106 eiusdem
1247 1048 1359 1104 nomi-

244 1134 309 1191 nis:
340 1133 503 1212 Procopius
530 1134 672 1192 iniuriam
696 1131 813 1192 illatam
840 1133 947 1190 loamai
980 1129 1182 1212 patriarchae3
1215 1133 1357 1191 foetuum

245 1219 363 1276 occasio
393 1219 476 1281 necis
504 1228 621 1296 captata
649 1215 721 1275 hinc
748 1226 803 1276 est.
852 1219 949 1278 Huius
979 1219 1113 1278 Amantii
1138 1216 1247 1278 domus
1275 1227 1358 1292 erat,

245 1321 325 1384 quae
352 1301 462 1362 deinde
489 1305 586 1362 sancti
606 1300 746 1362 Thomae
773 1304 900 1362 ecclesia
931 1299 989 1386 fnit
1009 1304 1284 1384 Constantinopoli,
1316 1313 1357 1362 ut

246 1399 293 1446 est
321 1385 401 1468 apud
425 1397 561 1448 autorem
589 1389 740 1467 originum
761 1389 820 1447 ΟΡ.
841 1399 872 1448 et
893 1391 1026 1448 Zonaras
1050 1389 1217 1448 confirmat.
1260 1389 1357 1448 Anti·

245 1492 307 1555 qna
335 1485 438 1532 umen
463 1475 618 1554 inscriptio
640 1475 728 1532 Pauli
748 1475 912 1533 silentiarii
942 1473 981 1533 ad
1009 1471 1135 1534 domum
1160 1495 1249 1535 suam
1269 1484 1357 1532 tern-

244 1559 331 1640 plum
353 1557 526 1620 aedificasse
547 1561 722 1618 Amantirun
743 1569 879 1620 testatur.
892 1583 908 1606 κ
1003 1605 1009 1610 .
1182 1572 1212 1616 ·,

332 1639 429 1710 Τόνδε
448 1647 517 1730 θεῷ
534 1639 629 1726 aduae
648 1639 735 1709 οἷκον
754 1639 894 1726 'aluisus
915 1638 1045 1725 μεσσόθι
1065 1639 1181 1712 πόντον

375 1735 446 1804 Τοῖς
465 1726 678 1812 πολυδινήτοις
697 1725 813 1812 κύμασι
826 1726 1037 1818 μαρνάμενον.
1073 1763 1076 1768 ·

329 1809 377 1879 Ou'
399 1809 502 1892 νότος,
524 1810 564 1879 οὗ
585 1814 695 1899 βορέης
715 1813 799 1900 ἱερὸν
821 1814 871 1882 cic
892 1816 980 1896 δεῖμα
1000 1807 1124 1894 aaudiat,

371 1904 450 1984 Νηοῖ
469 1902 622 1983 θεσπεσίῳ
644 1901 721 1985 τῷδε
743 1895 984 1981 φυλασσόμενον.

327 1981 428 2072 Ζῴοις
449 1981 550 2066 ἤματα
560 1979 678 2061 cotti·
702 1982 740 2048 od
760 1983 818 2069 peip
839 1989 991 2066 νεοθηλέα
1010 1979 1128 2067 Ῥώμην

370 2063 482 2154 Πόντῳ
501 2069 627 2145 ’ἐπαΐξας
647 2063 752 2150 &deoc
773 2069 983 2153 φαιδμονὲρην.

326 2155 362 2212 P.
384 2153 443 2228 46,
467 2156 518 2218 ta.
562 2155 599 2214 ln
626 2154 770 2214 Ioannem
797 2156 884 2214 urbis
915 2152 1103 2234 antistitem]
1141 2153 1238 2224 Quem
1268 2146 1353 2230 qnod

240 2239 407 2318 plurimum
425 2241 620 2314 Iustinianus,
642 2249 676 2302 ut
697 2236 748 2298 hic
768 2239 863 2316 vides,
886 2241 1016 2316 amabat,
1036 2240 1217 2298 oecumenici
1238 2253 1353 2294 nomen

149 2325 227 2383 ΗΒ
243 2335 316 2383 tunc
336 2325 469 2404 primum
490 2324 549 2384 sibi
569 2335 759 2406 arrogantem
785 2346 848 2386 non
875 2327 1075 2405 compescuit,
1104 2334 1139 2382 ut
1166 2325 1200 2382 in
1229 2321 1352 2402 praefa-

156 2412 184 2486 sp
242 2413 324 2469 tione
352 2407 497 2470 diximus.
540 2411 618 2470 (ium
644 2409 694 2470 hio
721 2411 811 2472 fuerit
839 2411 1021 2491 Cappadox,
1049 2431 1067 2468 a
1092 2409 1247 2470 nonnullis
1276 2425 1350 2465 con-

163 2501 167 2508 '
241 2493 381 2555 fimditur
407 2517 477 2554 cum
505 2497 566 2556 alio
598 2494 736 2556 eiusdem
766 2500 945 2578 cognomine
974 2507 1005 2555 et
1037 2499 1178 2570 concire3
1205 2491 1267 2553 ‘sed
1299 2489 1352 2549 hic

240 2581 398 2660 presbyter
417 2581 477 2642 fuit
498 2581 861 2662 constantinopolitanus,
893 2593 927 2642 ut
948 2581 1153 2662 Theophanes
1173 2589 1290 2652 narrat,
1319 2587 1351 2635 et

241 2663 400 2724 Timothei
420 2665 607 2746 patriarchae
628 2667 803 2747 syncellus,
834 2679 864 2726 et
890 2665 970 2727 anno
991 2667 1149 2726 Iustiniani
1169 2667 1257 2723 tertio
1279 2681 1351 2722 mo-

241 2753 336 2826 ritur3
367 2751 443 2810 alter
461 2773 534 2813 vero
555 2755 682 2812 loannes
704 2751 869 2832 Cappadox
890 2754 1034 2832 praetorii
1055 2749 1275 2832 praefecturam
1295 2765 1349 2803 ce-

241 2837 287 2915 pit
306 2837 440 2917 prImum
461 2839 522 2897 sub
543 2839 727 2913 IustiuIau03
754 2857 827 2896 nam
854 2837 910 2897 sub
931 2839 1046 2898 Iustino
1074 2857 1142 2894 eam
1164 2837 1258 2916 gessit
1277 2835 1349 2890 Ms-

241 2923 336 2998 rinus,
359 2921 430 2982 dein
446 2925 566 3004 appion
583 2925 739 3003 patricius,
762 2934 792 2984 et
813 2923 874 2999 alii,
898 2943 974 3005 quos
996 2921 1065 2981 vide
1085 2923 1165 2980 infra
1185 2918 1225 2978 ad
1245 2941 1277 2999 p.
1292 2919 1347 2984 92·

325 3010 362 3068 Ρ.
383 3007 436 3084 46,
458 3008 509 3072 15.
557 3009 755 3070 Vitalianum
778 3009 971 3089 vecanam]
993 3012 1174 3068 Numeratur
1193 3025 1213 3064 a
1234 3007 1347 3064 Proco-

240 3091 293 3170 pio
315 3091 372 3155 1.1
392 3093 467 3150 bell.
488 3095 571 3152 Pers.
590 3097 672 3152 iuter
691 3091 782 3152 duces
804 3097 952 3152 exercitus
974 3095 1125 3154 Anastasii
1145 3091 1345 3170 imperatoris,

241 3173 385 3236 adversus
413 3195 504 3254 quem
532 3176 641 3236 deinde
674 3198 757 3236 arina
779 3181 917 3258 sumpsit.
960 3181 1103 3240 Extincto
1124 3180 1284 3237 Anastasio
1306 3171 1344 3232 ad

240 3258 459 3338 rempublicam
479 3271 636 3319 revocatur
663 3281 680 3320 a
702 3264 833 3337 iustiore,
863 3265 1047 3344 septimoque
1071 3265 1250 3343 receptionis
1270 3281 1345 3320 eoae

241 3341 306 3417 die,
338 3351 372 3400 ut
392 3344 584 3403 Marcellinus
613 3349 667 3420 ait,
700 3349 847 3426 magister
873 3348 1005 3406 utilitioe
1025 3348 1209 3425 ordinatur,
1239 3343 1345 3405 deinde

241 3425 359 3484 consol.
402 3429 519 3488 Tantae
541 3431 600 3488 fuit
620 3431 701 3512 apud
722 3435 873 3492 Iustinum
893 3437 1077 3509 autoritatis,
1100 3445 1134 3494 nt
1156 3455 1193 3493 eo
1216 3436 1343 3492 instante

240 3511 387 3572 Severum
415 3525 445 3572 et
474 3517 625 3574 lulianum
645 3521 819 3578 Haeretioos
847 3522 968 3580 iusserit
996 3521 1139 3595 exulare,
1165 3531 1197 3578 et
1224 3527 1343 3577 sanctus

240 3595 402 3656 Hormisda
422 3619 502 3685 papa
530 3601 570 3659 ad
598 3621 668 3660 erun
689 3605 840 3682 scripserit
862 3603 900 3663 de
921 3607 1107 3684 gravioribus
1130 3607 1274 3664 ccclesiae
1294 3621 1343 3662 re·

239 3682 312 3759 bus,
346 3695 381 3743 ut
404 3695 449 3744 est
469 3689 502 3744 in
524 3689 651 3768 epistola
671 3691 829 3748 Iustiniani
856 3687 895 3748 ad
917 3690 1048 3750 eundem
1069 3687 1283 3751 chnisdam:
1312 3691 1344 3745 in

239 3789 301 3850 qua
329 3789 399 3828 cum
416 3769 555 3848 fratrem
584 3794 654 3833 eum
682 3777 865 3836 Iustinianus
892 3777 1041 3856 appellet,
1071 3773 1223 3835 arnoldus
1244 3774 1342 3834 Urion

239 3857 283 3913 sic
304 3857 435 3936 accepit,
468 3861 556 3938 quasi
583 3858 620 3918 de
642 3861 792 3920 Germano
818 3861 910 3921 fratre
934 3861 1061 3934 dixerit3
1090 3859 1145 3920 sed
1172 3879 1342 3941 perperam.

239 3943 316 3998 Nam
337 3943 495 4018 vitaliani,
525 3956 556 4003 et
575 3949 733 4004 Iustiniani
752 3957 894 4026 nepotes,
917 3967 1025 4024 nempe
1048 3945 1191 4005 Ioannem
1213 3957 1241 4004 et
1266 3947 1342 4006 Ger-

241 4044 387 4102 manum,
408 4047 469 4086 non
489 4027 582 4089 modo
601 4033 841 4110 consanguineos
862 4033 954 4090 scrisse
975 4043 1065 4110 negat
1085 4033 1265 4110 Procopius,
1287 4027 1341 4090 sed

240 4109 375 4170 familiae
396 4109 541 4192 dignitate
567 4115 658 4196 longe
679 4118 758 4174 inter
785 4137 817 4176 se
842 4115 966 4175 distasse
989 4119 1080 4176 etiam
1102 4117 1230 4175 affirmat
1251 4137 1339 4195 supra

240 4213 272 4272 P·
293 4195 344 4256 28·
385 4197 543 4260 Praeterea
566 4201 624 4259 fuit
640 4201 805 4260 Vitalianus
828 4221 937 4280 genere
957 4202 1078 4280 Scytha,
1100 4211 1134 4260 ut
1149 4203 1341 4262 Marcellinus

240 4277 341 4354 habet,
363 4282 528 4343 Patricioli
539 4287 645 4365 filius,
666 4297 700 4346 ut
721 4290 884 4366 Procopius
904 4298 1004 4346 narrat
1024 4289 1046 4346 l.
1068 4294 1080 4350 l
1106 4287 1143 4346 de
1164 4288 1236 4346 bell.
1258 4291 1339 4346 Pers.
