2992 4826
238 253 313 328 ooo
582 251 630 348 ,n
655 251 765 322 nur.
790 249 984 322 enorum

236 427 407 505 potneumt.
451 419 605 479 Praesenti
626 420 779 480 sanctione
801 419 1034 478 clementissimr
1053 413 1219 498 principale
1241 417 1347 476 bene-

235 510 338 568 ficium
359 510 404 566 eis
425 507 481 578 sub
508 527 543 564 ea
565 507 633 585 legs
660 504 882 580 condonamus,
910 515 946 564 nt
972 506 1000 563 ai
1027 503 1171 563 derelicta
1198 503 1280 564 mala
1312 514 1345 562 st

236 593 397 654 inhonesta
417 593 652 672 conversatione,
665 589 910 652 'commodiorem
927 592 1022 650 vitam
1037 591 1200 670 amplexae
1216 589 1344 662 fuerint,

235 677 446 758 honestatique
467 697 533 736 sese
547 675 700 752 dederint,
721 679 811 738 liceat
832 679 875 738 eis
895 685 1006 736 nostro·
1020 678 1189 756 supplicare
1210 675 1346 748 numini,

235 775 271 826 ut
291 764 410 824 divinos
431 761 538 822 affatim
558 767 624 822 sine
646 761 736 824 dubio
756 771 945 838 mersantur,
973 759 1015 820 ad
1035 761 1264 820 matrimonium
1290 779 1347 818 eus

237 853 340 912 venire
360 850 569 928 pennittentes
589 850 776 928 legitimum:
802 851 856 924 iis,
884 851 940 929 qui
966 850 1010 906 eis
1036 844 1238 924 coniungendi
1260 855 1347 920 mat,

208 963 211 971 ·
237 937 323 995 nullo
344 939 452 994 timore
471 931 627 1008 tenendis,
649 955 688 996 ue
709 937 792 995 scitis
804 936 1043 1015 ,praeteritarum
1062 933 1167 1012 legum
1187 931 1347 989 infirmum

238 1041 305 1082 esse
325 1018 463 1080 videatur
479 1021 541 1081 tale
563 1023 755 1100 coniugium,
779 1019 835 1080 sed
855 1023 899 1078 ita
919 1015 1250 1080 vandumshuuemodi
1269 1037 1349 1096 per-

237 1125 360 1166 manere
387 1107 615 1166 matrimonium
644 1105 876 1180 confidentibus,
912 1107 1000 1186 quasi
1027 1105 1112 1162 nulla
1144 1100 1349 1183 praecedente

216 1191 398 1252 *inhonesta
417 1194 480 1250 rita
500 1211 611 1252 uxores
630 1213 683 1252 sss
700 1191 856 1252 duxerint:
879 1192 943 1250 sive
960 1189 1107 1270 dignitate
1123 1187 1253 1268 praediti
1271 1190 1348 1262 sint,

238 1281 302 1340 sire
324 1278 383 1336 abo
404 1275 495 1336 modo
514 1281 648 1337 scenicas
669 1279 701 1336 in
727 1279 954 1336 matrimonium
975 1274 1084 1335 ducere
1111 1271 1349 1354 prohibeantur3

239 1363 314 1422 dum
331 1374 434 1422 tamen
456 1361 604 1422 dotalibus
626 1360 801 1422 omnimodo
828 1363 1034 1420 instrumentis
1054 1379 1115 1420 non
1136 1362 1202 1419 sine
1223 1361 1347 1437 scriptis

237 1450 299 1509 tale
325 1449 467 1530 probetur
498 1451 682 1528 coniugium.
724 1451 802 1506 Nam
825 1449 909 1507 omni
930 1447 1048 1505 macula
1073 1447 1194 1526 penitus
1215 1443 1349 1523 direpta,

238 1547 270 1594 et
297 1537 385 1616 qussi
411 1536 476 1593 suis
502 1535 652 1596 natalibus
673 1529 849 1594 huiusmodi
870 1532 1049 1592 mulieribus
1076 1529 1215 1606 redditis,
1243 1549 1350 1608 neque

184 1663 207 1680 ..
238 1621 421 1682 vocabulum
439 1617 634 1679 mbonestum
655 1621 699 1680 eis
719 1617 876 1678 inhaerere
898 1617 935 1677 tle
957 1629 1074 1676 caetero
1099 1618 1257 1689 volumus3
1286 1633 1349 1672 ne·

237 1726 297 1788 qus
317 1704 517 1764 differentiam
533 1705 671 1787 aliquam
692 1725 743 1765 eas
761 1702 873 1764 babere
892 1723 963 1764 cum
980 1706 1027 1779 iis,
1050 1722 1127 1782 quae
1146 1700 1226 1760 nihil
1243 1701 1349 1759 siruile

236 1801 447 1873 peccaverunt.
489 1789 554 1860 Sed
582 1803 612 1850 st
640 1793 751 1850 liberos
776 1811 819 1850 ex
845 1790 899 1849 teli
920 1791 1111 1850 matrimonio
1133 1784 1348 1867 procreandos,

236 1898 309 1938 suos
331 1887 363 1936 et
388 1878 539 1956 legitimos
567 1879 750 1956 patrienses
777 1878 849 1936 licet
870 1877 945 1936 alios
967 1895 1008 1933 ex
1032 1878 1131 1954 priore
1153 1875 1348 1932 matrimonio

234 1965 389 2042 legitimos
410 1960 537 2022 habeat:
559 1973 593 2021 ut
613 1963 691 2021 bona
714 1965 778 2022 eins
798 1973 863 2020 tarn
884 1962 922 2020 ab
944 1963 1099 2035 intestato,
1122 1979 1214 2039 quam
1236 1977 1277 2016 ex
1295 1967 1349 2014 te-

237 2058 397 2122 stamento,
418 2050 470 2106 isti
490 2067 610 2128 quoqne
630 2051 695 2106 aine
717 2047 782 2108 ullo
801 2045 1018 2126 impedimento
1040 2047 1193 2124 percipere
1217 2047 1348 2123 possint.

237 2131 301 2193 Sed
330 2142 361 2190 ei
390 2133 417 2192 si
442 2133 518 2192 tales
546 2133 690 2192 mulieres
719 2142 788 2214 port
814 2130 953 2192 divinum
981 2133 1158 2211 rescriptum
1180 2127 1219 2188 ad
1240 2147 1347 2208 preces

238 2237 344 2276 earnm
364 2214 487 2292 detrun,
517 2215 557 2276 ad
577 2221 804 2278 nmtrimonium
825 2221 928 2276 venire
951 2213 1137 2294 distulerint,
1159 2217 1278 2274 salvam
1299 2217 1346 2272 eis

237 2301 436 2362 nibilominus
466 2305 722 2364 existimationem
749 2305 862 2364 servari
892 2305 1094 2384 praecipimus
1122 2312 1186 2360 tam
1214 2301 1346 2368 inel‘us

238 2389 389 2464 omnibus,
411 2409 504 2470 quam
525 2385 564 2450 ad
580 2388 842 2468 transmittendam
861 2389 970 2470 quibus
992 2389 1143 2446 voluerint
1163 2405 1249 2446 suam
1270 2385 1348 2456 snb·

237 2477 397 2550 stantiam,
428 2486 459 2534 et
487 2475 723 2554 suscipiendam·
739 2485 959 2554 competentem
985 2474 1044 2533 sibi
1070 2473 1188 2552 legibus
1212 2472 1250 2530 ab
1277 2472 1347 2530 aliis

239 2561 393 2636 relidam,
414 2561 463 2621 vel
484 2561 522 2618 ab
543 2563 685 2620 intestato
706 2559 838 2618 delatam
859 2557 1087 2619 haereditatem.
1129 2558 1252 2618 Similes
1272 2575 1346 2616 vern

216 2645 300 2705 »tale
331 2645 516 2708 merentibm
549 2646 586 2702 ab
618 2649 798 2724 imperatore
831 2645 1010 2703 beneficium
1040 2643 1239 2718 mulieribus,
1276 2643 1344 2700 illas

238 2733 332 2789 etiam
359 2749 425 2790 esse
452 2731 611 2806 volumus,
644 2751 721 2812 quae
743 2727 921 2808 dignitatem
947 2731 1082 2810 aliquam
1102 2726 1232 2804 babent,
1259 2729 1347 2808 etti

238 2835 301 2875 nou
327 2819 521 2879 serenissimo
543 2818 672 2897 principi
693 2817 943 2896 supplicaverint,
973 2816 1141 2874 ultroneam
1162 2825 1267 2872 mansu
1287 2811 1346 2872 do·
1474 2865 1475 2888 ,

238 2903 393 2963 nationem
416 2913 485 2962 ante
514 2904 741 2962 matrimonium
762 2903 942 2976 meruerint,
971 2921 1014 2959 ex
1043 2919 1104 2981 qna
1121 2898 1284 2978 dignitate,
1314 2909 1346 2960 ct
1474 2893 1475 2964 ζ

239 2989 333 3046 aliem
354 2992 446 3047 etiam
467 3007 591 3048 omnem
612 2989 780 3062 maculam,
808 3007 862 3068 per
879 3006 976 3068 quam
993 2989 1082 3045 certis
1104 2983 1277 3044 homiuibus
1297 2985 1346 3042 le·
1388 2993 1395 3000 ⁴
1474 2975 1475 2984 ¹

115 3087 151 3154 ,⁹
240 3075 346 3151 gitims
370 3077 513 3150 coniungi
537 3075 680 3132 mulieres
700 3071 913 3152 prohibentur,
941 3071 1054 3130 aboleri
1074 3073 1195 3150 penitus
1216 3080 1344 3152 oportet.

98 3177 103 3185 ·
239 3159 296 3216 liis
314 3155 393 3214 illud
414 3155 624 3232 adiungimus,
647 3168 682 3214 ut
701 3167 732 3215 et
752 3157 832 3216 filiae
854 3153 1028 3216 huiusmodi
1048 3158 1227 3231 mulierum,
1247 3159 1345 3237 siqni-

41 3241 44 3250 “
152 3244 228 3301 ato
244 3239 317 3298 dem
342 3249 412 3318 post
440 3244 690 3318 expurgationem
716 3245 824 3318 prioria
851 3245 932 3300 ritae
960 3245 1144 3301 martianae
1165 3254 1254 3302 natae
1274 3245 1344 3316 sini,

240 3344 302 3383 nou
329 3321 488 3382 videantur
516 3328 703 3387 scenicarum
730 3345 795 3384 esse
822 3324 919 3402 filiae,
950 3345 1006 3384 nec
1035 3328 1188 3396 ¹subiacere
1216 3329 1344 3407 legibus,

243 3427 321 3490 qnae
346 3406 564 3488 prohibuerunt
590 3411 668 3470 filias
695 3414 882 3470 scenicarum
910 3423 1005 3471 certos
1026 3409 1166 3471 horiiues
1186 3417 1219 3470 in
1240 3415 1345 3472 matri·

240 3497 380 3553 monium
401 3491 521 3554 ducere.
564 3497 598 3556 Si
620 3517 691 3557 raro
713 3508 782 3556 aute
803 3507 974 3577 procreatae
996 3501 1071 3573 sint,
1098 3499 1189 3557 boeot
1210 3501 1254 3558 eie
1274 3517 1345 3579 pre-

242 3599 291 3640 ces
314 3579 507 3641 offerentibus
528 3585 726 3642 mviotiseimo
743 3585 871 3663 principi
887 3601 1006 3642 sacrum
1026 3586 1091 3642 sine
1107 3584 1261 3643 obstaculo
1283 3584 1345 3642 ullo

241 3669 350 3725 marari
368 3669 563 3747 rescriptum,
591 3687 649 3748 per
668 3666 750 3749 qnod
771 3670 814 3727 sis
835 3671 876 3726 ita
897 3667 1010 3729 nubere
1031 3672 1237 3748 permittam,
1260 3671 1346 3750 qnasi

240 3773 303 3813 non
324 3756 384 3812 sint
405 3753 540 3812 scenicae
562 3757 667 3813 matris
690 3753 787 3812 filiae:
812 3773 868 3812 nec
891 3755 955 3812 iam
974 3752 1191 3833 prohibeantur
1209 3756 1272 3839 illis
1293 3773 1347 3814 co-

229 3840 348 3918 ·pnlari,
370 3839 480 3920 quibus
502 3842 636 3900 scanicae
654 3839 742 3914 filias,
764 3839 815 3898 val
835 3838 1000 3919 diguitatis,
1022 3841 1072 3898 rel
1090 3841 1216 3900 alterius
1238 3857 1346 3899 causae

240 3927 336 4001 gratia
360 3943 472 3984 uxores
494 3923 603 3985 ducere
623 3923 828 3984 interdicitur:
858 3937 892 3984 ut
913 3936 1014 3982 tamen
1037 3925 1212 3985 omnimodo
1234 3924 1346 3984 dotalia

239 4011 391 4068 intereos
414 4012 506 4068 mium
525 4013 724 4070 instrumenta
746 4008 949 4070 conficiantur.
994 4008 1056 4068 Sed
1082 4022 1113 4070 et
1134 4013 1161 4070 si
1183 4029 1201 4069 a
1228 4014 1346 4070 scenica

228 4101 336 4150 *mene
357 4105 525 4172 procreata,
555 4113 750 4176 quecunque
772 4093 812 4154 ad
833 4105 961 4153 mortem
981 4113 1068 4154 suern
1089 4099 1122 4153 iu
1143 4090 1251 4156 eedem
1272 4115 1346 4176 pro-

229 4177 370 4235 1i'essious
398 4177 565 4256 duraverit,
595 4189 664 4261 post
691 4182 755 4239 eius
777 4173 894 4238 obitmn'
921 4197 1024 4258 preces
1048 4183 1259 4260 imperatorias
1281 4181 1346 4240 cle·

239 4264 370 4320 mentius
391 4261 541 4339 obtulerit,
565 4277 595 4324 et
614 4262 751 4336 divinam
770 4263 991 4344 indulgentiam
1011 4270 1164 4342 meruerit,
1186 4267 1346 4326 liberatic-
