<?xml version="1.0" encoding="UTF-8"?>
<!DOCTYPE html PUBLIC "-//W3C//DTD XHTML 1.0 Transitional//EN"
    "http://www.w3.org/TR/xhtml1/DTD/xhtml1-transitional.dtd">
<html xmlns="http://www.w3.org/1999/xhtml" xml:lang="en" lang="en">
 <head>
  <title>
</title>
<meta http-equiv="Content-Type" content="text/html;charset=utf-8" />
  <meta name='ocr-system' content='tesseract 3.04.00' />
  <meta name='ocr-capabilities' content='ocr_page ocr_carea ocr_par ocr_line ocrx_word'/>
</head>
<body>
  <div class='ocr_page' id='page_1' title='image "./corpusscriptoru17niebgoog_0481.png"; bbox 0 0 2960 4824; ppageno 0'>
   <div class='ocr_carea' id='block_1_1' title="bbox 199 245 1004 376">
    <p class='ocr_par' dir='ltr' id='par_1_1' title="bbox 199 245 1004 376">
     <span class='ocr_line' id='line_1_1' title="bbox 199 245 1004 376; baseline -0.009 1"><span class='ocrx_word' id='word_1_1' title='bbox 199 277 210 300; x_wconf 88' lang='lat'><em>&#39;</em></span> <span class='ocrx_word' id='word_1_2' title='bbox 253 303 327 376; x_wconf 81' lang='lat'>418</span> <span class='ocrx_word' id='word_1_3' title='bbox 591 279 644 371; x_wconf 79' lang='lat' dir='ltr'>m</span> <span class='ocrx_word' id='word_1_4' title='bbox 669 303 780 372; x_wconf 77' lang='lat' dir='ltr'>mss.</span> <span class='ocrx_word' id='word_1_5' title='bbox 795 245 1004 372; x_wconf 46' lang='lat' dir='ltr'>&#39;molum</span> 
     </span>
    </p>
   </div>
   <div class='ocr_carea' id='block_1_2' title="bbox 224 465 1367 1485">
    <p class='ocr_par' dir='ltr' id='par_1_2' title="bbox 253 465 1367 550">
     <span class='ocr_line' id='line_1_2' title="bbox 253 465 1367 550; baseline -0.006 -21"><span class='ocrx_word' id='word_1_6' title='bbox 253 475 282 536; x_wconf 95' lang='lat'>1.</span> <span class='ocrx_word' id='word_1_7' title='bbox 305 473 342 529; x_wconf 87' lang='lat' dir='ltr'>N.</span> <span class='ocrx_word' id='word_1_8' title='bbox 357 471 393 528; x_wconf 89' lang='lat' dir='ltr'>N.</span> <span class='ocrx_word' id='word_1_9' title='bbox 410 479 548 548; x_wconf 74' lang='lat' dir='ltr'>parentes</span> <span class='ocrx_word' id='word_1_10' title='bbox 563 472 669 529; x_wconf 68' lang='lat' dir='ltr'>luscini</span> <span class='ocrx_word' id='word_1_11' title='bbox 685 473 872 550; x_wconf 81' lang='lat' dir='ltr'>imperatoris</span> <span class='ocrx_word' id='word_1_12' title='bbox 894 471 925 527; x_wconf 87' lang='lat' dir='ltr'>iu</span> <span class='ocrx_word' id='word_1_13' title='bbox 939 467 1063 529; x_wconf 84' lang='lat' dir='ltr'>historie</span> <span class='ocrx_word' id='word_1_14' title='bbox 1079 485 1199 548; x_wconf 84' lang='lat' dir='ltr'>prorsus</span> <span class='ocrx_word' id='word_1_15' title='bbox 1220 465 1367 524; x_wconf 79' lang='lat' dir='ltr'><strong>obscuri.</strong></span> 
     </span>
    </p>

    <p class='ocr_par' dir='ltr' id='par_1_3' title="bbox 253 553 1367 784">
     <span class='ocr_line' id='line_1_3' title="bbox 253 553 1367 636; baseline -0.008 -20"><span class='ocrx_word' id='word_1_16' title='bbox 253 561 284 622; x_wconf 80' lang='lat'>2.</span> <span class='ocrx_word' id='word_1_17' title='bbox 298 561 328 621; x_wconf 83' lang='lat'>3.</span> <span class='ocrx_word' id='word_1_18' title='bbox 352 553 493 616; x_wconf 67' lang='lat' dir='ltr'>Iustinus</span> <span class='ocrx_word' id='word_1_19' title='bbox 514 559 693 636; x_wconf 76' lang='lat' dir='ltr'>imperator,</span> <span class='ocrx_word' id='word_1_20' title='bbox 721 556 896 635; x_wconf 80' lang='lat' dir='ltr'>Euphemia</span> <span class='ocrx_word' id='word_1_21' title='bbox 916 557 1051 634; x_wconf 81' lang='lat' dir='ltr'>Auguste</span> <span class='ocrx_word' id='word_1_22' title='bbox 1078 557 1231 629; x_wconf 86' lang='lat' dir='ltr'>coniuges.</span> <span class='ocrx_word' id='word_1_23' title='bbox 1275 553 1367 608; x_wconf 85' lang='lat' dir='ltr'>Pro-</span> 
     </span>
     <span class='ocr_line' id='line_1_4' title="bbox 337 633 1365 720; baseline -0.012 -15"><span class='ocrx_word' id='word_1_24' title='bbox 337 642 440 718; x_wconf 68' lang='lat' dir='ltr'>copiut</span> <span class='ocrx_word' id='word_1_25' title='bbox 461 637 512 699; x_wconf 75' lang='lat' dir='ltr'>hio</span> <span class='ocrx_word' id='word_1_26' title='bbox 531 662 564 720; x_wconf 87' lang='lat' dir='ltr'>p·</span> <span class='ocrx_word' id='word_1_27' title='bbox 583 645 636 704; x_wconf 82' lang='lat'>29.</span> <span class='ocrx_word' id='word_1_28' title='bbox 677 641 778 701; x_wconf 89' lang='lat' dir='ltr'>Victor</span> <span class='ocrx_word' id='word_1_29' title='bbox 797 643 970 700; x_wconf 89' lang='lat' dir='ltr'>Tunuensis</span> <span class='ocrx_word' id='word_1_30' title='bbox 991 644 1023 698; x_wconf 91' lang='lat' dir='ltr'>in</span> <span class='ocrx_word' id='word_1_31' title='bbox 1045 637 1149 698; x_wconf 90' lang='lat' dir='ltr'>chron.</span> <span class='ocrx_word' id='word_1_32' title='bbox 1170 633 1365 696; x_wconf 82' lang='lat' dir='ltr'>Theodorus</span> 
     </span>
     <span class='ocr_line' id='line_1_5' title="bbox 335 725 453 784; baseline -0.008 -2"><span class='ocrx_word' id='word_1_33' title='bbox 335 725 453 784; x_wconf 75' lang='lat' dir='ltr'>Lector.</span> 
     </span>
    </p>

    <p class='ocr_par' dir='ltr' id='par_1_4' title="bbox 230 805 1366 1060">
     <span class='ocr_line' id='line_1_6' title="bbox 230 805 1366 888; baseline -0.004 -20"><span class='ocrx_word' id='word_1_34' title='bbox 230 859 234 868; x_wconf 84' lang='lat'>.</span> <span class='ocrx_word' id='word_1_35' title='bbox 253 808 285 873; x_wconf 77' lang='grc'><strong>4.</strong></span> <span class='ocrx_word' id='word_1_36' title='bbox 307 809 497 868; x_wconf 68' lang='lat' dir='ltr'><em>Eutharicus</em></span> <span class='ocrx_word' id='word_1_37' title='bbox 516 808 621 866; x_wconf 79' lang='lat' dir='ltr'><strong>cillica</strong></span> <span class='ocrx_word' id='word_1_38' title='bbox 634 809 848 868; x_wconf 79' lang='lat' dir='ltr'>Amelesunlee</span> <span class='ocrx_word' id='word_1_39' title='bbox 866 813 1000 884; x_wconf 86' lang='lat' dir='ltr'>meritus,</span> <span class='ocrx_word' id='word_1_40' title='bbox 1023 807 1101 866; x_wconf 86' lang='lat' dir='ltr'>filius</span> <span class='ocrx_word' id='word_1_41' title='bbox 1123 805 1283 888; x_wconf 76' lang='lat' dir='ltr'>adoptivus</span> <span class='ocrx_word' id='word_1_42' title='bbox 1299 807 1366 864; x_wconf 88' lang='lat' dir='ltr'>lu-</span> 
     </span>
     <span class='ocr_line' id='line_1_7' title="bbox 337 893 1365 972; baseline -0.006 -19"><span class='ocrx_word' id='word_1_43' title='bbox 337 897 409 953; x_wconf 82' lang='lat' dir='ltr'>stini</span> <span class='ocrx_word' id='word_1_44' title='bbox 428 895 625 972; x_wconf 79' lang='lat' dir='ltr'>imperatoris.</span> <span class='ocrx_word' id='word_1_45' title='bbox 668 893 861 954; x_wconf 75' lang='lat' dir='ltr'>Cassiodorus</span> <span class='ocrx_word' id='word_1_46' title='bbox 883 897 905 953; x_wconf 95' lang='lat' dir='ltr'>l.</span> <span class='ocrx_word' id='word_1_47' title='bbox 927 897 957 959; x_wconf 88' lang='lat'>8.</span> <span class='ocrx_word' id='word_1_48' title='bbox 1000 897 1068 954; x_wconf 86' lang='lat' dir='ltr'>Ver.</span> <span class='ocrx_word' id='word_1_49' title='bbox 1092 895 1178 972; x_wconf 82' lang='lat' dir='ltr'><strong>epist.</strong></span> <span class='ocrx_word' id='word_1_50' title='bbox 1205 897 1231 956; x_wconf 95' lang='lat'>1.</span> <span class='ocrx_word' id='word_1_51' title='bbox 1255 893 1365 950; x_wconf 78' lang='lat' dir='ltr'>Desi-</span> 
     </span>
     <span class='ocr_line' id='line_1_8' title="bbox 336 976 1366 1060; baseline -0.003 -22"><span class='ocrx_word' id='word_1_52' title='bbox 336 977 420 1038; x_wconf 84' lang='lat' dir='ltr'>derio</span> <span class='ocrx_word' id='word_1_53' title='bbox 436 999 555 1058; x_wconf 83' lang='lat' dir='ltr'>quoque</span> <span class='ocrx_word' id='word_1_54' title='bbox 568 976 868 1058; x_wconf 75' lang='lat' dir='ltr'>conobrdc&#39;aesactue</span> <span class='ocrx_word' id='word_1_55' title='bbox 883 991 926 1038; x_wconf 81' lang='lat' dir='ltr'>eet</span> <span class='ocrx_word' id='word_1_56' title='bbox 936 1001 992 1060; x_wconf 64' lang='lat' dir='ltr'>per</span> <span class='ocrx_word' id='word_1_57' title='bbox 1012 999 1100 1038; x_wconf 79' lang='lat' dir='ltr'>armo</span> <span class='ocrx_word' id='word_1_58' title='bbox 1112 980 1218 1058; x_wconf 74' lang='lat' dir='ltr'>filius,</span> <span class='ocrx_word' id='word_1_59' title='bbox 1239 997 1366 1056; x_wconf 77' lang='lat' dir='ltr'>quam-</span> 
     </span>
    </p>

    <p class='ocr_par' dir='ltr' id='par_1_5' title="bbox 244 1062 965 1146">
     <span class='ocr_line' id='line_1_9' title="bbox 244 1062 965 1146; baseline -0.001 -22"><span class='ocrx_word' id='word_1_60' title='bbox 244 1078 246 1084; x_wconf 83' lang='grc'><em>’</em></span> <span class='ocrx_word' id='word_1_61' title='bbox 296 1122 305 1138; x_wconf 75' lang='lat'><strong>.</strong></span> <span class='ocrx_word' id='word_1_62' title='bbox 335 1065 383 1124; x_wconf 70' lang='lat' dir='ltr'>vie</span> <span class='ocrx_word' id='word_1_63' title='bbox 405 1064 491 1124; x_wconf 76' lang='lat' dir='ltr'>vobis</span> <span class='ocrx_word' id='word_1_64' title='bbox 503 1085 581 1144; x_wconf 84' lang='lat' dir='ltr'>pene</span> <span class='ocrx_word' id='word_1_65' title='bbox 600 1062 760 1122; x_wconf 72' lang='lat' dir='ltr'>videbatur</span> <span class='ocrx_word' id='word_1_66' title='bbox 781 1085 965 1146; x_wconf 80' lang='lat' dir='ltr'>aequaevus.</span> 
     </span>
    </p>

    <p class='ocr_par' dir='ltr' id='par_1_6' title="bbox 254 1145 1365 1314">
     <span class='ocr_line' id='line_1_10' title="bbox 254 1145 1364 1226; baseline -0.006 -15"><span class='ocrx_word' id='word_1_67' title='bbox 254 1149 284 1211; x_wconf 80' lang='lat' dir='ltr'>b.</span> <span class='ocrx_word' id='word_1_68' title='bbox 305 1147 509 1208; x_wconf 75' lang='lat' dir='ltr'>Athalaricus</span> <span class='ocrx_word' id='word_1_69' title='bbox 535 1168 591 1207; x_wconf 83' lang='lat' dir='ltr'>rex</span> <span class='ocrx_word' id='word_1_70' title='bbox 612 1147 802 1210; x_wconf 83' lang='lat' dir='ltr'>Gotthorum.</span> <span class='ocrx_word' id='word_1_71' title='bbox 852 1151 938 1208; x_wconf 84' lang='lat' dir='ltr'>Tunc</span> <span class='ocrx_word' id='word_1_72' title='bbox 966 1147 1043 1207; x_wconf 77' lang='lat' dir='ltr'>milti</span> <span class='ocrx_word' id='word_1_73' title='bbox 1064 1145 1194 1206; x_wconf 78' lang='lat' dir='ltr'>dedistis</span> <span class='ocrx_word' id='word_1_74' title='bbox 1210 1147 1364 1226; x_wconf 73' lang='lat' dir='ltr'>gratiam</span> 
     </span>
     <span class='ocr_line' id='line_1_11' title="bbox 336 1232 1365 1314; baseline -0.004 -22"><span class='ocrx_word' id='word_1_75' title='bbox 336 1237 466 1312; x_wconf 75' lang='lat' dir='ltr'>nepotis,</span> <span class='ocrx_word' id='word_1_76' title='bbox 488 1232 613 1313; x_wconf 81' lang='lat' dir='ltr'>quando</span> <span class='ocrx_word' id='word_1_77' title='bbox 631 1255 695 1292; x_wconf 84' lang='lat' dir='ltr'>meo</span> <span class='ocrx_word' id='word_1_78' title='bbox 711 1239 837 1314; x_wconf 82' lang='lat' dir='ltr'>poren&#39;ti</span> <span class='ocrx_word' id='word_1_79' title='bbox 857 1233 1032 1314; x_wconf 79' lang='lat' dir='ltr'>adoptionis</span> <span class='ocrx_word' id='word_1_80' title='bbox 1051 1232 1174 1314; x_wconf 79' lang='lat' dir='ltr'>gaudio</span> <span class='ocrx_word' id='word_1_81' title='bbox 1190 1233 1365 1310; x_wconf 69' lang='lat' dir='ltr'>praestiti-</span> 
     </span>
    </p>

    <p class='ocr_par' dir='ltr' id='par_1_7' title="bbox 224 1317 1361 1485">
     <span class='ocr_line' id='line_1_12' title="bbox 224 1317 1361 1398; baseline 0.001 -22"><span class='ocrx_word' id='word_1_82' title='bbox 224 1321 232 1332; x_wconf 56' lang='lat'><em>*</em></span> <span class='ocrx_word' id='word_1_83' title='bbox 337 1321 404 1379; x_wconf 55' lang='lat' dir='ltr'>estis.</span> <span class='ocrx_word' id='word_1_84' title='bbox 447 1318 580 1378; x_wconf 79' lang='lat' dir='ltr'>Cassiod.</span> <span class='ocrx_word' id='word_1_85' title='bbox 598 1318 722 1378; x_wconf 81' lang='lat' dir='ltr'><strong>ibidem.</strong></span> <span class='ocrx_word' id='word_1_86' title='bbox 764 1323 842 1380; x_wconf 87' lang='lat' dir='ltr'>Nem</span> <span class='ocrx_word' id='word_1_87' title='bbox 863 1341 898 1379; x_wconf 83' lang='lat' dir='ltr'>ee</span> <span class='ocrx_word' id='word_1_88' title='bbox 919 1320 1045 1398; x_wconf 77' lang='lat' dir='ltr'>epistole</span> <span class='ocrx_word' id='word_1_89' title='bbox 1066 1329 1111 1378; x_wconf 88' lang='lat' dir='ltr'>est</span> <span class='ocrx_word' id='word_1_90' title='bbox 1131 1317 1170 1378; x_wconf 87' lang='lat' dir='ltr'>ed</span> <span class='ocrx_word' id='word_1_91' title='bbox 1190 1321 1361 1392; x_wconf 79' lang='lat' dir='ltr'>Iustinum,</span> 
     </span>
     <span class='ocr_line' id='line_1_13' title="bbox 336 1403 769 1485; baseline 0.009 -25"><span class='ocrx_word' id='word_1_92' title='bbox 336 1414 370 1461; x_wconf 87' lang='lat' dir='ltr'>ut</span> <span class='ocrx_word' id='word_1_93' title='bbox 390 1403 584 1482; x_wconf 77' lang='lat' dir='ltr'>probavimus</span> <span class='ocrx_word' id='word_1_94' title='bbox 603 1403 643 1462; x_wconf 86' lang='lat' dir='ltr'>ed</span> <span class='ocrx_word' id='word_1_95' title='bbox 663 1427 695 1485; x_wconf 93' lang='lat' dir='ltr'>p.</span> <span class='ocrx_word' id='word_1_96' title='bbox 714 1404 769 1467; x_wconf 81' lang='lat'>28.</span> 
     </span>
    </p>
   </div>
   <div class='ocr_carea' id='block_1_3' title="bbox 154 1483 1462 1569">
    <p class='ocr_par' dir='ltr' id='par_1_8' title="bbox 154 1483 1462 1569">
     <span class='ocr_line' id='line_1_14' title="bbox 154 1483 1462 1569; baseline -0.005 -21"><span class='ocrx_word' id='word_1_97' title='bbox 154 1521 156 1526; x_wconf 22' lang='grc' dir='ltr'>ι</span> <span class='ocrx_word' id='word_1_98' title='bbox 252 1492 283 1554; x_wconf 84' lang='grc'><strong>6.</strong></span> <span class='ocrx_word' id='word_1_99' title='bbox 306 1485 471 1567; x_wconf 76' lang='lat' dir='ltr'>Biglenisa</span> <span class='ocrx_word' id='word_1_100' title='bbox 491 1508 575 1547; x_wconf 87' lang='lat' dir='ltr'>soror</span> <span class='ocrx_word' id='word_1_101' title='bbox 589 1491 705 1564; x_wconf 77' lang='lat' dir='ltr'>Iustini,</span> <span class='ocrx_word' id='word_1_102' title='bbox 728 1500 824 1548; x_wconf 81' lang='lat' dir='ltr'>meter</span> <span class='ocrx_word' id='word_1_103' title='bbox 837 1491 994 1549; x_wconf 82' lang='lat' dir='ltr'>Iustiniani</span> <span class='ocrx_word' id='word_1_104' title='bbox 1009 1489 1208 1569; x_wconf 74' lang='lat' dir='ltr'>imperatoris,</span> <span class='ocrx_word' id='word_1_105' title='bbox 1230 1483 1267 1544; x_wconf 88' lang='lat' dir='ltr'>de</span> <span class='ocrx_word' id='word_1_106' title='bbox 1291 1505 1360 1566; x_wconf 79' lang='lat' dir='ltr'>que</span> <span class='ocrx_word' id='word_1_107' title='bbox 1461 1533 1462 1540; x_wconf 71' lang='grc'>,</span> 
     </span>
    </p>
   </div>
   <div class='ocr_carea' id='block_1_4' title="bbox 160 1555 1462 2335">
    <p class='ocr_par' dir='ltr' id='par_1_9' title="bbox 160 1555 1462 1826">
     <span class='ocr_line' id='line_1_15' title="bbox 160 1555 1462 1658; baseline -0.006 -22"><span class='ocrx_word' id='word_1_108' title='bbox 160 1580 236 1636; x_wconf 69' lang='grc' dir='ltr'>ΔΕΒ</span> <span class='ocrx_word' id='word_1_109' title='bbox 335 1571 387 1632; x_wconf 90' lang='lat' dir='ltr'>hio</span> <span class='ocrx_word' id='word_1_110' title='bbox 407 1575 570 1652; x_wconf 77' lang='lat' dir='ltr'>Procopius</span> <span class='ocrx_word' id='word_1_111' title='bbox 591 1579 713 1634; x_wconf 92' lang='lat' dir='ltr'>nomine</span> <span class='ocrx_word' id='word_1_112' title='bbox 735 1574 937 1648; x_wconf 77' lang='lat' dir='ltr'>dissimulato,</span> <span class='ocrx_word' id='word_1_113' title='bbox 968 1573 1129 1632; x_wconf 86' lang='lat' dir='ltr'>lorneudes</span> <span class='ocrx_word' id='word_1_114' title='bbox 1148 1573 1201 1658; x_wconf 79' lang='lat' dir='ltr'>lib.</span> <span class='ocrx_word' id='word_1_115' title='bbox 1224 1570 1261 1629; x_wconf 89' lang='lat' dir='ltr'>de</span> <span class='ocrx_word' id='word_1_116' title='bbox 1280 1591 1360 1629; x_wconf 89' lang='lat' dir='ltr'>suc-</span> <span class='ocrx_word' id='word_1_117' title='bbox 1461 1555 1462 1596; x_wconf 59' lang='lat'><em>³</em></span> 
     </span>
     <span class='ocr_line' id='line_1_16' title="bbox 335 1657 1360 1737; baseline -0.002 -21"><span class='ocrx_word' id='word_1_118' title='bbox 335 1677 410 1717; x_wconf 86' lang='lat' dir='ltr'>cess.</span> <span class='ocrx_word' id='word_1_119' title='bbox 441 1659 633 1718; x_wconf 81' lang='lat' dir='ltr'>Marcellinus</span> <span class='ocrx_word' id='word_1_120' title='bbox 661 1657 701 1718; x_wconf 80' lang='lat' dir='ltr'>nd</span> <span class='ocrx_word' id='word_1_121' title='bbox 730 1680 811 1720; x_wconf 76' lang='lat' dir='ltr'>coris.</span> <span class='ocrx_word' id='word_1_122' title='bbox 842 1661 989 1719; x_wconf 72' lang='lat' dir='ltr'>Mavortii.</span> <span class='ocrx_word' id='word_1_123' title='bbox 1033 1663 1150 1718; x_wconf 88' lang='lat' dir='ltr'>Nomen</span> <span class='ocrx_word' id='word_1_124' title='bbox 1172 1659 1360 1737; x_wconf 74' lang='lat' dir='ltr'>Bigleuisae</span> 
     </span>
     <span class='ocr_line' id='line_1_17' title="bbox 334 1740 1002 1826; baseline 0.003 -24"><span class='ocrx_word' id='word_1_125' title='bbox 334 1740 525 1822; x_wconf 85' lang='lat' dir='ltr'>Theophilus</span> <span class='ocrx_word' id='word_1_126' title='bbox 546 1747 579 1802; x_wconf 91' lang='lat' dir='ltr'>in</span> <span class='ocrx_word' id='word_1_127' title='bbox 600 1747 660 1803; x_wconf 83' lang='lat' dir='ltr'>vite</span> <span class='ocrx_word' id='word_1_128' title='bbox 681 1747 840 1804; x_wconf 83' lang='lat' dir='ltr'>Iustiniani</span> <span class='ocrx_word' id='word_1_129' title='bbox 860 1743 1002 1826; x_wconf 80' lang='lat' dir='ltr'>prodidit.</span> 
     </span>
    </p>

    <p class='ocr_par' dir='ltr' id='par_1_10' title="bbox 250 1826 1356 2078">
     <span class='ocr_line' id='line_1_18' title="bbox 250 1826 1356 1910; baseline -0.009 -18"><span class='ocrx_word' id='word_1_130' title='bbox 250 1832 282 1892; x_wconf 81' lang='lat'>7.</span> <span class='ocrx_word' id='word_1_131' title='bbox 305 1827 453 1888; x_wconf 73' lang='lat' dir='ltr'>Salutius</span> <span class='ocrx_word' id='word_1_132' title='bbox 473 1829 632 1887; x_wconf 80' lang='lat' dir='ltr'>iustiniani</span> <span class='ocrx_word' id='word_1_133' title='bbox 653 1841 753 1910; x_wconf 82' lang='lat' dir='ltr'>peter,</span> <span class='ocrx_word' id='word_1_134' title='bbox 778 1833 861 1891; x_wconf 89' lang='lat' dir='ltr'>ouius</span> <span class='ocrx_word' id='word_1_135' title='bbox 882 1851 995 1891; x_wconf 88' lang='lat' dir='ltr'>nomen</span> <span class='ocrx_word' id='word_1_136' title='bbox 1014 1830 1061 1888; x_wconf 92' lang='lat' dir='ltr'>bis</span> <span class='ocrx_word' id='word_1_137' title='bbox 1081 1829 1228 1906; x_wconf 78' lang='lat' dir='ltr'>legimus,</span> <span class='ocrx_word' id='word_1_138' title='bbox 1254 1826 1356 1884; x_wconf 88' lang='lat' dir='ltr'>semel</span> 
     </span>
     <span class='ocr_line' id='line_1_19' title="bbox 333 1910 1356 1997; baseline -0.004 -25"><span class='ocrx_word' id='word_1_139' title='bbox 333 1910 384 1972; x_wconf 89' lang='lat' dir='ltr'>hio</span> <span class='ocrx_word' id='word_1_140' title='bbox 413 1911 495 1995; x_wconf 78' lang='lat' dir='ltr'>apud</span> <span class='ocrx_word' id='word_1_141' title='bbox 518 1917 715 1994; x_wconf 83' lang='lat' dir='ltr'>Procopium:</span> <span class='ocrx_word' id='word_1_142' title='bbox 745 1919 856 1976; x_wconf 74' lang='lat' dir='ltr'>iterum</span> <span class='ocrx_word' id='word_1_143' title='bbox 883 1915 964 1997; x_wconf 80' lang='lat' dir='ltr'>apud</span> <span class='ocrx_word' id='word_1_144' title='bbox 989 1910 1226 1992; x_wconf 78' lang='lat' dir='ltr'>Theophanem,</span> <span class='ocrx_word' id='word_1_145' title='bbox 1257 1931 1356 1990; x_wconf 87' lang='lat' dir='ltr'>quem</span> 
     </span>
     <span class='ocr_line' id='line_1_20' title="bbox 333 1996 1353 2078; baseline -0.002 -23"><span class='ocrx_word' id='word_1_146' title='bbox 333 1997 424 2078; x_wconf 79' lang='lat' dir='ltr'>paulo</span> <span class='ocrx_word' id='word_1_147' title='bbox 460 2008 528 2056; x_wconf 86' lang='lat' dir='ltr'>ente</span> <span class='ocrx_word' id='word_1_148' title='bbox 559 2002 726 2060; x_wconf 77' lang='lat' dir='ltr'>citavimus.</span> <span class='ocrx_word' id='word_1_149' title='bbox 769 2003 890 2062; x_wconf 76' lang='lat' dir='ltr'>letoius</span> <span class='ocrx_word' id='word_1_150' title='bbox 919 2004 1010 2060; x_wconf 84' lang='lat' dir='ltr'>etiem</span> <span class='ocrx_word' id='word_1_151' title='bbox 1041 1999 1208 2078; x_wconf 78' lang='lat' dir='ltr'>appellatus</span> <span class='ocrx_word' id='word_1_152' title='bbox 1239 2007 1284 2055; x_wconf 89' lang='lat' dir='ltr'>est</span> <span class='ocrx_word' id='word_1_153' title='bbox 1311 1996 1353 2053; x_wconf 81' lang='lat' dir='ltr'>eb</span> 
     </span>
    </p>

    <p class='ocr_par' dir='ltr' id='par_1_11' title="bbox 250 2083 1123 2165">
     <span class='ocr_line' id='line_1_21' title="bbox 250 2083 1123 2165; baseline -0.001 -25"><span class='ocrx_word' id='word_1_154' title='bbox 250 2146 253 2154; x_wconf 40' lang='lat'>,</span> <span class='ocrx_word' id='word_1_155' title='bbox 333 2084 551 2161; x_wconf 87' lang='lat' dir='ltr'>Illyriensibus.</span> <span class='ocrx_word' id='word_1_156' title='bbox 593 2083 784 2165; x_wconf 85' lang='lat' dir='ltr'>Theophilus</span> <span class='ocrx_word' id='word_1_157' title='bbox 806 2089 837 2146; x_wconf 91' lang='lat' dir='ltr'>in</span> <span class='ocrx_word' id='word_1_158' title='bbox 859 2089 920 2144; x_wconf 85' lang='lat' dir='ltr'>vite</span> <span class='ocrx_word' id='word_1_159' title='bbox 941 2087 1123 2144; x_wconf 81' lang='lat' dir='ltr'>Iustiniani..</span> 
     </span>
    </p>

    <p class='ocr_par' dir='ltr' id='par_1_12' title="bbox 251 2165 1354 2335">
     <span class='ocr_line' id='line_1_22' title="bbox 251 2165 1354 2250; baseline -0.006 -20"><span class='ocrx_word' id='word_1_160' title='bbox 251 2171 283 2234; x_wconf 81' lang='grc'><strong>8.</strong></span> <span class='ocrx_word' id='word_1_161' title='bbox 304 2166 500 2230; x_wconf 71' lang='lat' dir='ltr'>lastinianus</span> <span class='ocrx_word' id='word_1_162' title='bbox 533 2171 696 2248; x_wconf 78' lang='lat' dir='ltr'>imperator</span> <span class='ocrx_word' id='word_1_163' title='bbox 720 2173 825 2229; x_wconf 75' lang='lat' dir='ltr'>Iusliui</span> <span class='ocrx_word' id='word_1_164' title='bbox 859 2189 900 2228; x_wconf 85' lang='lat' dir='ltr'>ex</span> <span class='ocrx_word' id='word_1_165' title='bbox 931 2190 1031 2230; x_wconf 85' lang='lat' dir='ltr'>sorore</span> <span class='ocrx_word' id='word_1_166' title='bbox 1059 2173 1174 2250; x_wconf 82' lang='lat' dir='ltr'>Nepos,</span> <span class='ocrx_word' id='word_1_167' title='bbox 1209 2177 1239 2225; x_wconf 84' lang='lat' dir='ltr'>et</span> <span class='ocrx_word' id='word_1_168' title='bbox 1269 2165 1354 2224; x_wconf 81' lang='lat' dir='ltr'>filius</span> 
     </span>
     <span class='ocr_line' id='line_1_23' title="bbox 333 2249 1352 2335; baseline -0.001 -26"><span class='ocrx_word' id='word_1_169' title='bbox 333 2249 511 2331; x_wconf 81' lang='lat' dir='ltr'>sdoptivm3</span> <span class='ocrx_word' id='word_1_170' title='bbox 534 2273 626 2334; x_wconf 81' lang='lat' dir='ltr'>quere</span> <span class='ocrx_word' id='word_1_171' title='bbox 642 2257 676 2312; x_wconf 92' lang='lat' dir='ltr'>in</span> <span class='ocrx_word' id='word_1_172' title='bbox 688 2257 822 2316; x_wconf 84' lang='lat' dir='ltr'>Novellis</span> <span class='ocrx_word' id='word_1_173' title='bbox 838 2266 954 2335; x_wconf 82' lang='lat' dir='ltr'>petrem</span> <span class='ocrx_word' id='word_1_174' title='bbox 974 2257 1094 2334; x_wconf 78' lang='lat' dir='ltr'>saepius</span> <span class='ocrx_word' id='word_1_175' title='bbox 1113 2273 1184 2312; x_wconf 87' lang='lat' dir='ltr'>eum</span> <span class='ocrx_word' id='word_1_176' title='bbox 1197 2251 1352 2330; x_wconf 57' lang='lat' dir='ltr'>‚appellen</span> 
     </span>
    </p>
   </div>
   <div class='ocr_carea' id='block_1_5' title="bbox 342 2333 1462 2420">
    <p class='ocr_par' dir='ltr' id='par_1_13' title="bbox 342 2333 1462 2420">
     <span class='ocr_line' id='line_1_24' title="bbox 342 2333 1462 2420; baseline 0.003 -26"><span class='ocrx_word' id='word_1_177' title='bbox 342 2336 491 2417; x_wconf 70' lang='lat' dir='ltr'>{Ipsrouda</span> <span class='ocrx_word' id='word_1_178' title='bbox 517 2342 618 2400; x_wconf 79' lang='lat' dir='ltr'>esuis</span> <span class='ocrx_word' id='word_1_179' title='bbox 640 2342 802 2420; x_wconf 78' lang='lat' dir='ltr'>gentilibus</span> <span class='ocrx_word' id='word_1_180' title='bbox 825 2339 921 2400; x_wconf 87' lang='lat' dir='ltr'>dictus</span> <span class='ocrx_word' id='word_1_181' title='bbox 943 2351 998 2402; x_wconf 88' lang='lat' dir='ltr'>est.</span> <span class='ocrx_word' id='word_1_182' title='bbox 1040 2338 1125 2398; x_wconf 86' lang='lat' dir='ltr'>Idem</span> <span class='ocrx_word' id='word_1_183' title='bbox 1147 2333 1351 2416; x_wconf 87' lang='lat' dir='ltr'>Theophilus.</span> <span class='ocrx_word' id='word_1_184' title='bbox 1461 2407 1462 2414; x_wconf 8' lang='grc' dir='ltr'>ἵ</span> 
     </span>
    </p>
   </div>
   <div class='ocr_carea' id='block_1_6' title="bbox 137 2420 1350 4375">
    <p class='ocr_par' dir='ltr' id='par_1_14' title="bbox 247 2420 1350 2734">
     <span class='ocr_line' id='line_1_25' title="bbox 247 2420 1350 2508; baseline -0.006 -22"><span class='ocrx_word' id='word_1_185' title='bbox 247 2423 281 2486; x_wconf 88' lang='grc'><strong>9.</strong></span> <span class='ocrx_word' id='word_1_186' title='bbox 309 2420 468 2483; x_wconf 80' lang='lat' dir='ltr'>Theodora</span> <span class='ocrx_word' id='word_1_187' title='bbox 489 2425 647 2485; x_wconf 78' lang='lat' dir='ltr'>iustiniani</span> <span class='ocrx_word' id='word_1_188' title='bbox 667 2429 854 2508; x_wconf 79' lang='lat' dir='ltr'>imperatoris</span> <span class='ocrx_word' id='word_1_189' title='bbox 876 2447 963 2488; x_wconf 84' lang='lat' dir='ltr'>uxor.</span> <span class='ocrx_word' id='word_1_190' title='bbox 1006 2427 1168 2504; x_wconf 81' lang='lat' dir='ltr'>Procopius</span> <span class='ocrx_word' id='word_1_191' title='bbox 1189 2425 1212 2482; x_wconf 90' lang='lat' dir='ltr'>l.</span> <span class='ocrx_word' id='word_1_192' title='bbox 1236 2429 1251 2485; x_wconf 87' lang='lat'><strong>1</strong></span> <span class='ocrx_word' id='word_1_193' title='bbox 1274 2422 1350 2480; x_wconf 90' lang='lat' dir='ltr'>bell.</span> 
     </span>
     <span class='ocr_line' id='line_1_26' title="bbox 332 2509 1349 2592; baseline -0.002 -24"><span class='ocrx_word' id='word_1_194' title='bbox 332 2509 415 2568; x_wconf 84' lang='lat' dir='ltr'>Pers.</span> <span class='ocrx_word' id='word_1_195' title='bbox 463 2509 594 2571; x_wconf 81' lang='lat' dir='ltr'>1Vend.</span> <span class='ocrx_word' id='word_1_196' title='bbox 636 2511 783 2574; x_wconf 68' lang='lat' dir='ltr'>saorth.</span> <span class='ocrx_word' id='word_1_197' title='bbox 826 2515 935 2592; x_wconf 82' lang='lat' dir='ltr'>Evagr.</span> <span class='ocrx_word' id='word_1_198' title='bbox 957 2513 979 2570; x_wconf 93' lang='lat' dir='ltr'>l.</span> <span class='ocrx_word' id='word_1_199' title='bbox 998 2509 1028 2574; x_wconf 81' lang='grc'><strong>4.</strong></span> <span class='ocrx_word' id='word_1_200' title='bbox 1070 2513 1171 2570; x_wconf 80' lang='lat' dir='ltr'>Victor</span> <span class='ocrx_word' id='word_1_201' title='bbox 1192 2511 1294 2568; x_wconf 83' lang='lat' dir='ltr'>Tunc.</span> <span class='ocrx_word' id='word_1_202' title='bbox 1315 2510 1349 2565; x_wconf 86' lang='lat' dir='ltr'>iu</span> 
     </span>
     <span class='ocr_line' id='line_1_27' title="bbox 333 2591 1349 2675; baseline 0 -25"><span class='ocrx_word' id='word_1_203' title='bbox 333 2591 436 2650; x_wconf 82' lang='lat' dir='ltr'>chron.</span> <span class='ocrx_word' id='word_1_204' title='bbox 479 2593 641 2671; x_wconf 71' lang='lat' dir='ltr'>Perperene</span> <span class='ocrx_word' id='word_1_205' title='bbox 667 2599 825 2656; x_wconf 81' lang='lat' dir='ltr'>Aimoinus</span> <span class='ocrx_word' id='word_1_206' title='bbox 853 2599 920 2658; x_wconf 76' lang='lat'>1.2</span> <span class='ocrx_word' id='word_1_207' title='bbox 947 2595 985 2655; x_wconf 90' lang='lat' dir='ltr'>de</span> <span class='ocrx_word' id='word_1_208' title='bbox 1014 2605 1090 2675; x_wconf 78' lang='lat' dir='ltr'>gest.</span> <span class='ocrx_word' id='word_1_209' title='bbox 1117 2597 1222 2652; x_wconf 81' lang='lat' dir='ltr'>Frenc.</span> <span class='ocrx_word' id='word_1_210' title='bbox 1244 2593 1349 2652; x_wconf 77' lang='lat' dir='ltr'>Auto-</span> 
     </span>
     <span class='ocr_line' id='line_1_28' title="bbox 333 2679 538 2734; baseline 0 0"><span class='ocrx_word' id='word_1_211' title='bbox 333 2679 419 2734; x_wconf 86' lang='lat' dir='ltr'>m&#39;am</span> <span class='ocrx_word' id='word_1_212' title='bbox 441 2686 538 2734; x_wconf 77' lang='lat' dir='ltr'>vocet.</span> 
     </span>
    </p>

    <p class='ocr_par' dir='ltr' id='par_1_15' title="bbox 250 2759 1347 2933">
     <span class='ocr_line' id='line_1_29' title="bbox 250 2759 1347 2844; baseline -0.005 -20"><span class='ocrx_word' id='word_1_213' title='bbox 250 2759 300 2824; x_wconf 83' lang='grc'><strong>10.</strong></span> <span class='ocrx_word' id='word_1_214' title='bbox 328 2759 498 2820; x_wconf 79' lang='lat' dir='ltr'>Theodorus</span> <span class='ocrx_word' id='word_1_215' title='bbox 517 2761 611 2821; x_wconf 66' lang='lat' dir='ltr'>zoes</span> <span class='ocrx_word' id='word_1_216' title='bbox 630 2763 788 2823; x_wconf 76' lang='lat' dir='ltr'>Iustiniani</span> <span class='ocrx_word' id='word_1_217' title='bbox 808 2763 887 2823; x_wconf 84' lang='lat' dir='ltr'>filius</span> <span class='ocrx_word' id='word_1_218' title='bbox 910 2765 1068 2838; x_wconf 76' lang='lat' dir='ltr'>naturalis,</span> <span class='ocrx_word' id='word_1_219' title='bbox 1101 2783 1194 2844; x_wconf 87' lang='lat' dir='ltr'>quem</span> <span class='ocrx_word' id='word_1_220' title='bbox 1215 2764 1347 2821; x_wconf 79' lang='lat' dir='ltr'>extincte</span> 
     </span>
     <span class='ocr_line' id='line_1_30' title="bbox 332 2844 1347 2933; baseline 0.001 -28"><span class='ocrx_word' id='word_1_221' title='bbox 332 2844 504 2923; x_wconf 90' lang='lat' dir='ltr'>Theodore,</span> <span class='ocrx_word' id='word_1_222' title='bbox 526 2851 673 2930; x_wconf 81' lang='lat' dir='ltr'>suscepit3</span> <span class='ocrx_word' id='word_1_223' title='bbox 695 2847 898 2930; x_wconf 77' lang='lat' dir='ltr'>Theophanes</span> <span class='ocrx_word' id='word_1_224' title='bbox 912 2852 1075 2933; x_wconf 79' lang='lat' dir='ltr'>Byzmuius</span> <span class='ocrx_word' id='word_1_225' title='bbox 1096 2848 1177 2929; x_wconf 78' lang='lat' dir='ltr'>opud</span> <span class='ocrx_word' id='word_1_226' title='bbox 1194 2847 1347 2908; x_wconf 81' lang='lat' dir='ltr'>Photium.</span> 
     </span>
    </p>

    <p class='ocr_par' dir='ltr' id='par_1_16' title="bbox 165 2930 1345 3181">
     <span class='ocr_line' id='line_1_31' title="bbox 165 2930 781 3014; baseline 0.005 -23"><span class='ocrx_word' id='word_1_227' title='bbox 165 2991 168 3002; x_wconf 80' lang='grc'>,</span> <span class='ocrx_word' id='word_1_228' title='bbox 331 2931 408 2995; x_wconf 82' lang='lat' dir='ltr'>Vide</span> <span class='ocrx_word' id='word_1_229' title='bbox 429 2930 484 2992; x_wconf 87' lang='lat' dir='ltr'>hes</span> <span class='ocrx_word' id='word_1_230' title='bbox 504 2943 589 2993; x_wconf 83' lang='lat' dir='ltr'>notes</span> <span class='ocrx_word' id='word_1_231' title='bbox 611 2933 651 2993; x_wconf 84' lang='lat' dir='ltr'>sd</span> <span class='ocrx_word' id='word_1_232' title='bbox 675 2956 707 3014; x_wconf 89' lang='lat' dir='ltr'>p.</span> <span class='ocrx_word' id='word_1_233' title='bbox 728 2940 781 3000; x_wconf 78' lang='lat'>20.</span> 
     </span>
     <span class='ocr_line' id='line_1_32' title="bbox 223 3016 1345 3104; baseline -0.003 -25"><span class='ocrx_word' id='word_1_234' title='bbox 223 3019 455 3104; x_wconf 58' lang='lat' dir='ltr'>,11·Iocunes</span> <span class='ocrx_word' id='word_1_235' title='bbox 482 3016 662 3080; x_wconf 78' lang='lat' dir='ltr'>Theodorus</span> <span class='ocrx_word' id='word_1_236' title='bbox 682 3021 762 3080; x_wconf 88' lang='lat' dir='ltr'>filius</span> <span class='ocrx_word' id='word_1_237' title='bbox 784 3023 927 3079; x_wconf 74' lang='lat' dir='ltr'>naturalis</span> <span class='ocrx_word' id='word_1_238' title='bbox 949 3039 990 3078; x_wconf 85' lang='lat' dir='ltr'>ex</span> <span class='ocrx_word' id='word_1_239' title='bbox 1012 3030 1097 3100; x_wconf 79' lang='lat' dir='ltr'>petre</span> <span class='ocrx_word' id='word_1_240' title='bbox 1118 3019 1228 3078; x_wconf 78' lang='lat' dir='ltr'>Arabe.</span> <span class='ocrx_word' id='word_1_241' title='bbox 1271 3019 1345 3076; x_wconf 85' lang='lat' dir='ltr'>Pro-</span> 
     </span>
     <span class='ocr_line' id='line_1_33' title="bbox 334 3101 597 3181; baseline 0 -19"><span class='ocrx_word' id='word_1_242' title='bbox 334 3122 399 3181; x_wconf 87' lang='lat' dir='ltr'>cop.</span> <span class='ocrx_word' id='word_1_243' title='bbox 422 3101 473 3160; x_wconf 89' lang='lat' dir='ltr'>hic</span> <span class='ocrx_word' id='word_1_244' title='bbox 515 3107 597 3167; x_wconf 85' lang='lat' dir='ltr'>.7o.</span> 
     </span>
    </p>

    <p class='ocr_par' dir='ltr' id='par_1_17' title="bbox 252 3123 1343 3346">
     <span class='ocr_line' id='line_1_34' title="bbox 252 3123 1343 3270; baseline 0.001 -27"><span class='ocrx_word' id='word_1_245' title='bbox 252 3191 302 3252; x_wconf 81' lang='lat'>12.</span> <span class='ocrx_word' id='word_1_246' title='bbox 322 3189 359 3243; x_wconf 89' lang='lat' dir='ltr'>N.</span> <span class='ocrx_word' id='word_1_247' title='bbox 381 3187 443 3242; x_wconf 73' lang='lat' dir='ltr'>fisis</span> <span class='ocrx_word' id='word_1_248' title='bbox 470 3123 647 3258; x_wconf 71' lang='lat' dir='ltr'>Idstinieni,</span> <span class='ocrx_word' id='word_1_249' title='bbox 675 3197 705 3244; x_wconf 85' lang='lat' dir='ltr'>et</span> <span class='ocrx_word' id='word_1_250' title='bbox 732 3185 912 3246; x_wconf 73' lang='lat' dir='ltr'>Theodorus</span> <span class='ocrx_word' id='word_1_251' title='bbox 934 3191 1104 3266; x_wconf 80' lang='lat' dir='ltr'>Anonymu.</span> <span class='ocrx_word' id='word_1_252' title='bbox 1147 3189 1275 3270; x_wconf 90' lang='lat' dir='ltr'>Procop.</span> <span class='ocrx_word' id='word_1_253' title='bbox 1294 3183 1343 3246; x_wconf 88' lang='lat' dir='ltr'>hic</span> 
     </span>
     <span class='ocr_line' id='line_1_35' title="bbox 331 3267 727 3346; baseline -0.008 -17"><span class='ocrx_word' id='word_1_254' title='bbox 331 3287 363 3346; x_wconf 85' lang='lat' dir='ltr'>p·</span> <span class='ocrx_word' id='word_1_255' title='bbox 381 3269 423 3330; x_wconf 86' lang='lat'>20</span> <span class='ocrx_word' id='word_1_256' title='bbox 444 3275 474 3324; x_wconf 89' lang='lat' dir='ltr'>et</span> <span class='ocrx_word' id='word_1_257' title='bbox 494 3270 515 3328; x_wconf 80' lang='lat'><strong>2</strong></span> <span class='ocrx_word' id='word_1_258' title='bbox 535 3267 608 3326; x_wconf 91' lang='lat' dir='ltr'>bell.</span> <span class='ocrx_word' id='word_1_259' title='bbox 630 3267 727 3326; x_wconf 86' lang='lat' dir='ltr'>Vend.</span> 
     </span>
    </p>

    <p class='ocr_par' dir='ltr' id='par_1_18' title="bbox 250 3351 1342 3516">
     <span class='ocr_line' id='line_1_36' title="bbox 250 3351 1342 3494; baseline 0.006 -84"><span class='ocrx_word' id='word_1_260' title='bbox 250 3353 302 3418; x_wconf 83' lang='grc'><strong>18.</strong></span> <span class='ocrx_word' id='word_1_261' title='bbox 322 3351 510 3494; x_wconf 55' lang='grc' dir='ltr'>Αηωὲἔιείω</span> <span class='ocrx_word' id='word_1_262' title='bbox 537 3353 695 3411; x_wconf 79' lang='lat' dir='ltr'>Iustiniani</span> <span class='ocrx_word' id='word_1_263' title='bbox 724 3363 754 3412; x_wconf 83' lang='lat' dir='ltr'>et</span> <span class='ocrx_word' id='word_1_264' title='bbox 774 3351 952 3414; x_wconf 81' lang='lat' dir='ltr'>Theodorus</span> <span class='ocrx_word' id='word_1_265' title='bbox 979 3376 1015 3418; x_wconf 88' lang='lat' dir='ltr'>ex</span> <span class='ocrx_word' id='word_1_266' title='bbox 1037 3358 1099 3418; x_wconf 84' lang='lat' dir='ltr'>filie</span> <span class='ocrx_word' id='word_1_267' title='bbox 1120 3379 1225 3438; x_wconf 86' lang='lat' dir='ltr'>nepos.</span> <span class='ocrx_word' id='word_1_268' title='bbox 1268 3358 1342 3417; x_wconf 85' lang='lat' dir='ltr'>Pro·</span> 
     </span>
     <span class='ocr_line' id='line_1_37' title="bbox 333 3438 596 3516; baseline -0.019 -14"><span class='ocrx_word' id='word_1_269' title='bbox 333 3441 415 3516; x_wconf 75' lang='lat' dir='ltr'>cop.</span> <span class='ocrx_word' id='word_1_270' title='bbox 444 3438 471 3494; x_wconf 82' lang='grc' dir='ltr'><strong>ὀ</strong></span> <span class='ocrx_word' id='word_1_271' title='bbox 491 3455 521 3515; x_wconf 86' lang='lat' dir='ltr'>p.</span> <span class='ocrx_word' id='word_1_272' title='bbox 544 3442 596 3502; x_wconf 83' lang='lat'>20.</span> 
     </span>
    </p>

    <p class='ocr_par' dir='ltr' id='par_1_19' title="bbox 249 3521 1343 3860">
     <span class='ocr_line' id='line_1_38' title="bbox 249 3521 1341 3607; baseline 0.002 -25"><span class='ocrx_word' id='word_1_273' title='bbox 249 3521 300 3589; x_wconf 80' lang='lat'>14.</span> <span class='ocrx_word' id='word_1_274' title='bbox 322 3521 473 3584; x_wconf 78' lang='lat' dir='ltr'>Iocnuiua</span> <span class='ocrx_word' id='word_1_275' title='bbox 501 3523 637 3582; x_wconf 85' lang='lat' dir='ltr'>Beliserii</span> <span class='ocrx_word' id='word_1_276' title='bbox 664 3533 694 3582; x_wconf 89' lang='lat' dir='ltr'>et</span> <span class='ocrx_word' id='word_1_277' title='bbox 714 3526 884 3584; x_wconf 81' lang='lat' dir='ltr'>Antoninus</span> <span class='ocrx_word' id='word_1_278' title='bbox 912 3525 973 3586; x_wconf 82' lang='lat' dir='ltr'>lilia</span> <span class='ocrx_word' id='word_1_279' title='bbox 999 3529 1156 3587; x_wconf 72' lang='lat' dir='ltr'>Anastasio</span> <span class='ocrx_word' id='word_1_280' title='bbox 1185 3525 1341 3607; x_wconf 76' lang='lat' dir='ltr'>desponsa,</span> 
     </span>
     <span class='ocr_line' id='line_1_39' title="bbox 330 3607 1341 3688; baseline 0.002 -20"><span class='ocrx_word' id='word_1_281' title='bbox 330 3617 453 3668; x_wconf 89' lang='lat' dir='ltr'>etcum</span> <span class='ocrx_word' id='word_1_282' title='bbox 478 3609 532 3668; x_wconf 90' lang='lat' dir='ltr'>illo</span> <span class='ocrx_word' id='word_1_283' title='bbox 555 3609 725 3668; x_wconf 71' lang='lat' dir='ltr'>clanculum</span> <span class='ocrx_word' id='word_1_284' title='bbox 745 3627 764 3668; x_wconf 83' lang='lat' dir='ltr'>u</span> <span class='ocrx_word' id='word_1_285' title='bbox 785 3607 947 3670; x_wconf 73' lang='lat' dir='ltr'>Theodoro</span> <span class='ocrx_word' id='word_1_286' title='bbox 969 3615 1143 3688; x_wconf 71' lang='lat' dir='ltr'>coniuncte,</span> <span class='ocrx_word' id='word_1_287' title='bbox 1175 3609 1284 3672; x_wconf 85' lang='lat' dir='ltr'>deinde</span> <span class='ocrx_word' id='word_1_288' title='bbox 1303 3613 1341 3671; x_wconf 85' lang='lat' dir='ltr'>sb</span> 
     </span>
     <span class='ocr_line' id='line_1_40' title="bbox 329 3693 1343 3780; baseline 0.003 -26"><span class='ocrx_word' id='word_1_289' title='bbox 329 3695 482 3756; x_wconf 80' lang='lat' dir='ltr'>Antonius</span> <span class='ocrx_word' id='word_1_290' title='bbox 507 3704 576 3775; x_wconf 85' lang='lat' dir='ltr'>post</span> <span class='ocrx_word' id='word_1_291' title='bbox 605 3693 721 3754; x_wconf 88' lang='lat' dir='ltr'>obitum</span> <span class='ocrx_word' id='word_1_292' title='bbox 740 3697 894 3775; x_wconf 66' lang='lat' dir='ltr'>sagistas</span> <span class='ocrx_word' id='word_1_293' title='bbox 915 3698 953 3757; x_wconf 84' lang='lat' dir='ltr'>eb</span> <span class='ocrx_word' id='word_1_294' title='bbox 976 3701 1040 3759; x_wconf 81' lang='lat' dir='ltr'>eius</span> <span class='ocrx_word' id='word_1_295' title='bbox 1062 3699 1207 3780; x_wconf 77' lang='lat' dir='ltr'>amplexu</span> <span class='ocrx_word' id='word_1_296' title='bbox 1227 3699 1343 3758; x_wconf 78' lang='lat' dir='ltr'>abstru-</span> 
     </span>
     <span class='ocr_line' id='line_1_41' title="bbox 331 3779 923 3860; baseline -0.002 -21"><span class='ocrx_word' id='word_1_297' title='bbox 331 3789 389 3839; x_wconf 81' lang='lat' dir='ltr'>ote.</span> <span class='ocrx_word' id='word_1_298' title='bbox 431 3781 556 3860; x_wconf 87' lang='lat' dir='ltr'>Procop.</span> <span class='ocrx_word' id='word_1_299' title='bbox 577 3779 702 3840; x_wconf 89' lang='lat' dir='ltr'>ibidem.</span> <span class='ocrx_word' id='word_1_300' title='bbox 834 3837 836 3842; x_wconf 89' lang='grc'>,</span> <span class='ocrx_word' id='word_1_301' title='bbox 920 3831 923 3838; x_wconf 89' lang='grc'><strong>.</strong></span> 
     </span>
    </p>

    <p class='ocr_par' dir='ltr' id='par_1_20' title="bbox 137 3863 1343 4117">
     <span class='ocr_line' id='line_1_42' title="bbox 137 3863 1343 3948; baseline 0.001 -22"><span class='ocrx_word' id='word_1_302' title='bbox 137 3879 230 3937; x_wconf 70' lang='lat' dir='ltr'>1³1oe</span> <span class='ocrx_word' id='word_1_303' title='bbox 250 3869 299 3936; x_wconf 82' lang='lat'>15.</span> <span class='ocrx_word' id='word_1_304' title='bbox 331 3863 506 3946; x_wconf 76' lang='lat' dir='ltr'>Vs&#39;gilautic</span> <span class='ocrx_word' id='word_1_305' title='bbox 540 3885 623 3926; x_wconf 87' lang='lat' dir='ltr'>soror</span> <span class='ocrx_word' id='word_1_306' title='bbox 651 3867 810 3927; x_wconf 71' lang='lat' dir='ltr'>iustiniani</span> <span class='ocrx_word' id='word_1_307' title='bbox 843 3867 1047 3948; x_wconf 73' lang='lat' dir='ltr'>imperatoris,</span> <span class='ocrx_word' id='word_1_308' title='bbox 1081 3870 1190 3928; x_wconf 81' lang='lat' dir='ltr'>lustini</span> <span class='ocrx_word' id='word_1_309' title='bbox 1218 3866 1343 3928; x_wconf 86' lang='lat' dir='ltr'>secundi</span> 
     </span>
     <span class='ocr_line' id='line_1_43' title="bbox 329 3950 1342 4030; baseline 0.004 -20"><span class='ocrx_word' id='word_1_310' title='bbox 329 3961 436 4010; x_wconf 78' lang='lat' dir='ltr'>meter.</span> <span class='ocrx_word' id='word_1_311' title='bbox 477 3950 602 4030; x_wconf 87' lang='lat' dir='ltr'>Procop.</span> <span class='ocrx_word' id='word_1_312' title='bbox 625 3951 648 4009; x_wconf 91' lang='lat'>1.</span> <span class='ocrx_word' id='word_1_313' title='bbox 669 3957 691 4015; x_wconf 78' lang='lat'>2</span> <span class='ocrx_word' id='word_1_314' title='bbox 712 3953 783 4010; x_wconf 88' lang='lat' dir='ltr'>bell.</span> <span class='ocrx_word' id='word_1_315' title='bbox 800 3953 897 4012; x_wconf 81' lang='lat' dir='ltr'>Vend.</span> <span class='ocrx_word' id='word_1_316' title='bbox 940 3955 1041 4013; x_wconf 80' lang='lat' dir='ltr'>Victor</span> <span class='ocrx_word' id='word_1_317' title='bbox 1061 3955 1164 4014; x_wconf 90' lang='lat' dir='ltr'>Tunn.</span> <span class='ocrx_word' id='word_1_318' title='bbox 1185 3956 1219 4013; x_wconf 93' lang='lat' dir='ltr'>in</span> <span class='ocrx_word' id='word_1_319' title='bbox 1239 3951 1342 4014; x_wconf 81' lang='lat' dir='ltr'>chron.</span> 
     </span>
     <span class='ocr_line' id='line_1_44' title="bbox 331 4035 994 4117; baseline 0.011 -26"><span class='ocrx_word' id='word_1_320' title='bbox 331 4035 457 4094; x_wconf 76' lang='lat' dir='ltr'>fortusse</span> <span class='ocrx_word' id='word_1_321' title='bbox 479 4054 519 4093; x_wconf 87' lang='lat' dir='ltr'>ex</span> <span class='ocrx_word' id='word_1_322' title='bbox 539 4036 658 4113; x_wconf 82' lang='lat' dir='ltr'>illyrico</span> <span class='ocrx_word' id='word_1_323' title='bbox 678 4039 800 4098; x_wconf 87' lang='lat' dir='ltr'>nomine</span> <span class='ocrx_word' id='word_1_324' title='bbox 821 4037 994 4117; x_wconf 75' lang='lat' dir='ltr'>Biglenizu.</span> 
     </span>
    </p>

    <p class='ocr_par' dir='ltr' id='par_1_21' title="bbox 251 4119 1177 4204">
     <span class='ocr_line' id='line_1_45' title="bbox 251 4119 1177 4204; baseline 0.008 -28"><span class='ocrx_word' id='word_1_325' title='bbox 251 4121 300 4185; x_wconf 83' lang='lat'>16.</span> <span class='ocrx_word' id='word_1_326' title='bbox 321 4119 533 4178; x_wconf 76' lang='lat' dir='ltr'>Dulciseimus</span> <span class='ocrx_word' id='word_1_327' title='bbox 552 4121 731 4204; x_wconf 76' lang='lat' dir='ltr'>vigilantiae</span> <span class='ocrx_word' id='word_1_328' title='bbox 751 4124 887 4180; x_wconf 82' lang='lat' dir='ltr'>meritus.</span> <span class='ocrx_word' id='word_1_329' title='bbox 929 4124 1030 4182; x_wconf 82' lang='lat' dir='ltr'>Victor</span> <span class='ocrx_word' id='word_1_330' title='bbox 1053 4121 1177 4184; x_wconf 90' lang='lat' dir='ltr'>ibidem.</span> 
     </span>
    </p>

    <p class='ocr_par' dir='ltr' id='par_1_22' title="bbox 249 4203 1341 4375">
     <span class='ocr_line' id='line_1_46' title="bbox 249 4203 1341 4290; baseline -0.001 -19"><span class='ocrx_word' id='word_1_331' title='bbox 249 4207 302 4270; x_wconf 85' lang='lat'>17.</span> <span class='ocrx_word' id='word_1_332' title='bbox 322 4203 462 4268; x_wconf 77' lang='lat' dir='ltr'>Iustinus</span> <span class='ocrx_word' id='word_1_333' title='bbox 488 4206 587 4263; x_wconf 84' lang='lat' dir='ltr'>iunlor</span> <span class='ocrx_word' id='word_1_334' title='bbox 606 4208 759 4285; x_wconf 81' lang='lat' dir='ltr'>Augustm</span> <span class='ocrx_word' id='word_1_335' title='bbox 781 4209 937 4268; x_wconf 73' lang='lat' dir='ltr'>iustiniani</span> <span class='ocrx_word' id='word_1_336' title='bbox 964 4209 1151 4290; x_wconf 74' lang='lat' dir='ltr'>inperatoris</span> <span class='ocrx_word' id='word_1_337' title='bbox 1177 4229 1271 4290; x_wconf 89' lang='lat' dir='ltr'>nepos</span> <span class='ocrx_word' id='word_1_338' title='bbox 1300 4231 1341 4270; x_wconf 80' lang='lat' dir='ltr'>ex</span> 
     </span>
     <span class='ocr_line' id='line_1_47' title="bbox 331 4289 1340 4375; baseline 0.01 -29"><span class='ocrx_word' id='word_1_339' title='bbox 331 4305 431 4346; x_wconf 86' lang='lat' dir='ltr'>sorore</span> <span class='ocrx_word' id='word_1_340' title='bbox 452 4289 622 4367; x_wconf 71' lang='lat' dir='ltr'>vigilantis.</span> <span class='ocrx_word' id='word_1_341' title='bbox 665 4293 766 4352; x_wconf 81' lang='lat' dir='ltr'>Victor</span> <span class='ocrx_word' id='word_1_342' title='bbox 784 4289 909 4353; x_wconf 87' lang='lat' dir='ltr'>ibidem.</span> <span class='ocrx_word' id='word_1_343' title='bbox 952 4295 1112 4375; x_wconf 74' lang='lat' dir='ltr'>corippus,</span> <span class='ocrx_word' id='word_1_344' title='bbox 1133 4297 1243 4374; x_wconf 74' lang='lat' dir='ltr'>liregr.</span> <span class='ocrx_word' id='word_1_345' title='bbox 1265 4296 1340 4360; x_wconf 84' lang='lat'><strong>1.5.</strong></span> 
     </span>
    </p>
   </div>
   <div class='ocr_carea' id='block_1_7' title="bbox 0 0 1484 4824">
    <p class='ocr_par' dir='ltr' id='par_1_23' title="bbox 0 0 1484 4824">
     <span class='ocr_line' id='line_1_48' title="bbox 0 0 1484 4824; baseline 0 6"><span class='ocrx_word' id='word_1_346' title='bbox 0 0 1484 4824; x_wconf 95' lang='lat' dir='ltr'> </span> 
     </span>
    </p>
   </div>
  </div>
 </body>
</html>
