3014 4826
246 352 333 400 nra*
579 329 779 398 atEtmttrtt
799 327 1019 398 PRAEFATIO.

246 527 311 570 osus
331 513 383 569 est.
426 501 511 567 Certo
535 511 646 590 neuter,
671 499 737 566 licet
750 501 903 574 ¹Vati'eanae
919 497 1112 566 Bibliothecae
1129 514 1244 589 uterque
1264 524 1346 588 prae-

248 607 351 682 fectus,
387 605 545 671 versionem
572 625 609 667 ex
632 603 737 668 Codice
758 602 848 669 hausit
867 603 1017 678 Vaticano,
1054 626 1135 690 quem
1161 605 1346 690 plenissimum

247 705 345 782 video,
372 711 404 769 et'
423 705 496 769 omni
521 725 557 768 ex
581 717 661 790 parte
682 705 835 794 integrum,
865 718 947 792 atque
967 707 1231 782 emendatissimum,
1258 722 1285 770 ut
1308 727 1346 770 cx

246 809 304 873 elie
318 809 394 872 lente
408 829 457 872 eas
473 807 580 871 illerum
593 807 715 870 virorum
736 809 975 894 interpretationes
993 829 1120 870 manasse
1138 829 1192 870 non
1214 809 1342 875 dubitem

147 963 176 1006 t·
206 981 217 996 ῃ
246 911 348 976 Libros
362 911 398 975 de
420 907 558 974 lastiniani
578 907 721 972 Aedificiis
741 909 837 996 quales
860 909 998 974 Arneldns
1022 907 1192 973 Vesaliensis
1208 910 1343 988 habuerit,

245 1011 307 1100 ipsa
324 1013 383 1077 cius
397 1011 478 1076 docet
492 1010 695 1097 interpretatum
724 1009 759 1072 do
774 1033 843 1098 qua,
874 1024 902 1078 et
916 1011 1188 1097 Volaterrani'atqoe
1204 1013 1344 1078 Personae

244 1113 433 1190 versionibus,
473 1135 552 1198 quam
581 1113 659 1177 benc'
677 1124 760 1176 sensa
781 1113 922 1200 scriptoris
945 1113 1114 1198 exprimam,
1145 1113 1260 1180 aliorum
1283 1129 1344 1180 este

244 1217 382 1282 iudicium.
426 1217 536 1282 Graeca
551 1215 669 1300 denique
683 1215 812 1302 Procopii
826 1201 923 1281 Editio
931 1215 1108 1302 Augustam,
1130 1237 1200 1304 quae
1224 1238 1261 1280 ex
1277 1218 1344 1282 mul-

211 1302 216 1318 ’
245 1319 280 1384 tis
295 1319 412 1405 antiquis
426 1341 506 1382 manu
521 1317 666 1402 descriptis
683 1315 762 1380 libris
778 1317 923 1382 emendata
944 1329 972 1381 et
993 1328 1088 1394 aucta,
1119 1305 1242 1383 omnibus
1255 1321 1344 1398 credi·
1362 1323 1386 1384 “.

216 1500 221 1514 ⁸
244 1435 288 1486 tur
302 1421 420 1486 numeris
442 1420 581 1494 absoluta,
613 1431 668 1483 tam
688 1419 775 1506 longe
790 1441 808 1482 a
822 1421 928 1506 primae
955 1418 1120 1504 scriptionis
1132 1419 1202 1496 lide,
1232 1443 1345 1507 quamn

244 1523 372 1591 Vaticani
396 1521 507 1586 Codicis
527 1519 685 1607 integritate
706 1519 807 1584 abesse
830 1521 951 1598 ridetur,
981 1533 1009 1612 nt
1031 1521 1201 1606 persuadere
1227 1524 1277 1587 tihi
1297 1523 1344 1587 rix
1439 1591 1440 1594 Ἴ

242 1627 349 1714 possis,
375 1611 501 1712 quantum
516 1621 623 1702 exhee
636 1621 685 1685 illa
698 1621 860 1709 locupletari
880 1636 971 1710 queat.
1014 1623 1121 1688 Utinam
1136 1624 1164 1686 in
1180 1625 1281 1690 eodem
1294 1649 1342 1691 ve-

241 1725 358 1804 lamine,
386 1739 415 1790 et
437 1747 473 1790 ex
496 1725 596 1812 eadem
608 1723 823 1800 librariimann,
853 1737 882 1789 et
895 1725 967 1790 hune
986 1724 1093 1789 illarum
1113 1737 1280 1810 postremum
1301 1727 1344 1791 ht·

241 1829 386 1894 storiarum
406 1827 528 1891 libellum
547 1823 727 1892 haberemus:
748 1828 799 1892 sed
814 1828 1047 1913 ‚quemadmodum
1069 1839 1132 1892 oete
1154 1827 1208 1914 illis
1230 1827 1266 1890 ab
1288 1827 1343 1892 ttu-

239 1943 305 1994 tore
319 1929 396 2012 libris
410 1929 439 1991 in
452 1928 551 2014 vulgus
561 1927 681 2004 emissis,
711 1951 797 1994 nonus
810 1928 858 1992 hic
878 1929 914 1993 ad
929 1929 1020 1992 odium
1037 1928 1186 2006 lastiniani,
1211 1928 1342 1993 Theodo-

239 2052 349 2116 raeque
363 2031 515 2114 uitandum,
544 2049 656 2118 semper
678 2029 707 2092 in
720 2030 824 2118 angulo
838 2043 917 2094 caute
939 2031 1058 2106 delituit;
1084 2031 1122 2094 ita
1143 2031 1244 2116 deinde
1265 2055 1341 2098 seer

243 2136 294 2200 sim
308 2135 344 2198 ab
360 2131 567 2198 amanuensibus
592 2132 744 2218 descriptus
762 2144 818 2210 est,
849 2144 932 2218 atque
947 2132 983 2194 ad
1003 2132 1192 2218 posteritatem
1206 2135 1341 2219 pervenit.

241 2237 287 2304 Ile
303 2237 378 2302 cuius
393 2235 518 2310 casibus,
543 2246 625 2319 atque
646 2233 755 2298 sinistra
773 2233 880 2298 lertnna
898 2235 962 2320 quid
979 2234 1099 2320 loquar?
1129 2235 1191 2300 Duo
1214 2236 1272 2300 eius
1293 2257 1341 2300 ex·

241 2340 335 2426 empla
360 2351 452 2407 servat
477 2336 612 2406 Vaticana
639 2335 837 2413 Bibliotheca,
865 2339 981 2402 alterurn
1007 2359 1044 2402 ex
1068 2336 1156 2401 altero
1176 2339 1341 2418 derivatum,
1443 2375 1448 2388 ·

240 2453 382 2529 utrumque
405 2442 432 2506 iu
457 2440 592 2528 principie
611 2439 746 2516 mutilum,
771 2438 915 2526 multisque
939 2438 1041 2525 passim
1066 2438 1186 2503 hiatibus
1207 2439 1341 2504 delorme.

138 2542 229 2604 V275
242 2543 287 2608 Ex
302 2543 346 2606 his
359 2543 432 2630 qued
448 2557 490 2608 est
505 2541 639 2628 antiquius
659 2540 741 2606 etiam
753 2539 809 2606 line
830 2541 996 2620 decurtatum
1013 2553 1071 2618 est,
1102 2542 1239 2606 recentius
1263 2563 1342 2620 vero,

239 2645 308 2710 licet
331 2646 500 2710 tumultuaria
522 2645 670 2731 scriptione
695 2655 852 2718 exaratum,
881 2641 1032 2710 extremam
1059 2643 1140 2708 nobis
1167 2657 1276 2730 partem
1305 2648 1342 2712 ab

241 2743 352 2822 interitu
372 2746 558 2823 conservavit,
589 2747 648 2832 qui,
671 2759 784 2832 praeter
800 2745 872 2809 hano
896 2747 1096 2822 accessionem,
1118 2745 1193 2811 nulla
1215 2747 1295 2812 nohis
1314 2749 1342 2814 in

201 2841 208 2848 “
239 2866 275 2910 re
289 2845 348 2910 usui
367 2846 424 2914 luit.
467 2848 517 2914 Sic
531 2849 559 2912 in
573 2847 736 2912 brevissima
750 2847 865 2912 historia
880 2859 919 2911 tot
942 2847 999 2912 leci
1021 2847 1111 2922 dubii,
1141 2848 1265 2926 obscuri,
1293 2851 1341 2916 de-

240 2945 341 3030 plorati
355 2963 519 3016 manserunt
563 2951 750 3030 Quamobrem
763 2971 849 3038 saepe
864 2949 936 3014 inter
949 2949 1182 3038 interpretandum
1196 2951 1265 3016 duos
1278 2952 1342 3018 illos

191 3115 196 3135 .
241 3047 370 3112 celebres
384 3047 552 3133 describente
564 3055 693 3138 Procopii
713 3053 834 3118 Codices
849 3052 1046 3137 expetivimus,
1082 3053 1192 3116 loannis
1212 3053 1342 3118 Lascaris

239 3147 356 3214 alterum
388 3153 622 3238 Constantinopoli
647 3152 683 3214 ad
716 3152 891 3214 Laurentium
919 3153 1058 3213 Medicam
1084 3149 1216 3226 adlatum,
1259 3176 1341 3239 quem

241 3249 342 3314 deinde
358 3257 400 3336 (ut
417 3255 490 3320 lama
504 3255 560 3336 est)
576 3248 726 3318 Catharina
741 3251 869 3338 Medicas
883 3251 993 3336 Regina
1013 3249 1041 3312 in
1057 3248 1163 3314 Gallias
1180 3257 1339 3338 asportavit,

240 3363 270 3418 et
290 3353 365 3418 Galli
389 3355 474 3420 hodie
497 3357 525 3422 in
548 3356 651 3420 exteris
679 3350 859 3418 bibliothecis
888 3350 1036 3437 requirunt.
1079 3351 1204 3418 Alterum
1230 3357 1340 3426 loannis
1371 3383 1374 3396 ¹

239 3453 377 3528 llhrcentii
390 3458 502 3536 Pinelli,
527 3481 608 3544 meur
622 3469 685 3542 ante
701 3454 805 3538 aliquot
819 3473 923 3529 annos,
950 3466 1062 3537 praeter
1078 3453 1164 3520 hosce
1180 3455 1338 3538 Vaticanus,

238 3555 346 3620 unicum
359 3561 446 3644 (qnod
470 3582 527 3646 ogo
550 3559 649 3640 sciam)
666 3555 760 3621 habuit
782 3555 876 3630 ltalia3
905 3555 957 3619 sed
975 3555 1038 3633 hie,
1066 3567 1094 3620 ut
1116 3560 1288 3644 accepimus,
1311 3562 1340 3626 iu

237 3657 415 3744 navigatione
427 3659 615 3746 ,Neapolitana
634 3657 808 3744 nanlratgium
828 3656 903 3722 lecit.
944 3648 990 3720 Ex
1011 3678 1047 3721 ee
1066 3669 1157 3722 tamen
1171 3663 1339 3745 quaedama

93 3750 220 3808 le'ssl
237 3757 320 3824 Petro
349 3761 480 3839 Pithaeb,
519 3775 547 3827 et
569 3761 659 3828 Guido
680 3759 841 3837 Paneirolo,
871 3757 970 3822 Pinelli
997 3757 1177 3852 familiaribus
1206 3777 1338 3850 excerpta

128 3859 134 3866 '
191 3897 195 3908 ‚
238 3859 402 3946 fragmenta,
428 3863 511 3927 maris
525 3875 552 3928 et
567 3865 698 3928 undarum
721 3863 867 3928 discrimen
889 3874 1043 3930 evaserunt.
1087 3865 1164 3944 Sed,
1191 3887 1263 3950 qnae
1284 3889 1339 3934 uec

237 3957 409 4029 librariorum
426 3963 529 4031 inemia
542 3978 600 4044 ost,
629 3987 683 4031 neo
696 3965 844 4052 temporis,
875 3976 922 4026 aut
935 3961 1019 4026 maris
1034 3962 1145 4041 iniuria,
1169 3965 1242 4034 haee
1257 3993 1338 4056 quam

237 4070 360 4127 tenemus
372 4087 426 4130 nen
440 4091 493 4138 nno
507 4069 535 4134 iu
548 4069 611 4133 lece
624 4090 721 4134 mance
734 4067 842 4135 videtur
864 4064 997 4140 historia,
1024 4064 1052 4128 iu
1071 4087 1124 4152 qna
1143 4069 1227 4136 multa
1241 4093 1335 4134 umna-

178 4244 181 4254 .
236 4175 324 4228 turum
349 4188 380 4230 se
396 4169 506 4254 quidem
521 4174 609 4236 Autor
636 4165 797 4258 pollicet-ur,
828 4179 857 4230 et
876 4179 968 4231 tamen
996 4168 1158 4253 promissum
1183 4192 1239 4235 nou
1260 4171 1335 4238 facit.

157 4289 160 4294 ·
237 4267 343 4348 Qubus
358 4273 457 4356 passim
469 4243 621 4340 deleelibns
635 4271 674 4339 ita
686 4269 733 4336 hic
746 4267 805 4335 hiat
819 4267 1046 4358 commentarius,
1075 4283 1102 4336 nt
1115 4293 1168 4360 per
1188 4272 1274 4340 husee
1289 4295 1336 4340 ve·
