2960 4824
246 231 322 310 468
437 265 439 271 ·
596 234 642 304 IN
666 231 779 303 nist.
802 231 999 346 inclusit

247 397 440 463 licatatliiunr
467 401 652 483 Episcopum
679 401 782 481 Beryti
814 417 876 460 non
904 393 1014 479 puduit
1041 397 1230 479 imperatoris
1261 400 1367 462 etiam

247 491 401 550 ministros
430 487 484 545 illa
513 484 633 546 dicendi
661 485 759 546 forma
787 487 923 547 venerari
950 487 1013 548 noir
1034 485 1142 548 ποδῶν
1169 481 1275 564 danie,
1299 505 1368 562 per

247 585 349 636 vestra
376 574 523 651 veetigia,
555 575 607 654 qui
635 574 755 632 nonnisi
781 591 839 632 usu
868 571 1048 629 Graecanico
1077 572 1216 630 excusari
1241 581 1366 650 potest,

246 651 411 720 dummodo
439 677 512 716 usus
540 660 605 737 ipse
627 657 735 736 dignus
764 659 959 716 exornatione
986 658 1035 714 sit.
1078 659 1135 728 Qui
1164 659 1257 714 etiam
1285 666 1367 714 ante

246 746 406 806 Iustiniani
426 753 562 822 tempora
583 746 626 802 sic
647 743 791 818 invaluit,
820 753 854 802 nt
874 742 969 802 Sabas
990 744 1037 799 vir
1061 751 1181 820 sanans
1210 753 1368 800 consueta

140 828 234 887 111⁶
250 853 323 893 suae
358 830 441 908 genti
470 829 618 887 locutione
646 831 803 888 Anastasio
831 828 1003 906 imperatori
1033 829 1190 886 Haeretico
1224 824 1367 886 dixerit:
1446 871 1447 900 ,

247 909 349 998 ἦλθον
366 915 409 988 εἰς
427 907 460 976 ed
478 917 689 996 προσκυνῆσαι
708 910 745 976 ω’
768 913 835 994 ἴχνη
853 917 908 994 τῆς
922 909 1066 994 cinerique
1085 903 1248 993 εὗσεβεὶας.
1296 912 1343 972 V
1334 935 1369 969 e-
1446 967 1447 984 ,

200 995 216 1016 “
246 1015 334 1062 ettae
352 1001 481 1080 pietatis
502 1001 634 1080 vestigia
656 996 846 1058 adoraturae
867 1001 943 1058 veni.
985 994 1104 1076 Agatho
1129 998 1272 1077 pontifex
1292 999 1368 1056 tto-
1446 991 1447 1006 ¹

247 1105 356 1150 manus
394 1087 426 1143 in
457 1105 577 1144 summo
610 1082 773 1144 catholicae
806 1081 878 1142 fidei
909 1082 1081 1142 discrimine
1112 1080 1171 1142 hoc
1202 1103 1277 1142 usus
1312 1092 1369 1142 est

246 1171 441 1235 orientalium
462 1189 546 1230 more
567 1191 621 1250 per
641 1171 810 1249 epistolam,
831 1179 866 1228 ut
884 1189 919 1227 eo
936 1165 1148 1252 vehementius,
1167 1169 1367 1246 Constantini

247 1258 379 1338 Augusti
400 1257 535 1314 animum
558 1253 597 1313 ad
619 1255 772 1334 religionis
795 1253 1003 1314 defensionem
1022 1265 1222 1333 permoveret.
1275 1255 1368 1314 Tan-

248 1363 345 1426 quam
368 1341 615 1419 praesentialiter
638 1351 831 1420 prostratus,
868 1341 984 1421 inquit,
1021 1350 1050 1397 et
1077 1342 1185 1398 vestris
1214 1341 1367 1418 vestigiis

245 1427 446 1512 provolutus,
475 1447 596 1506 quaero.
644 1427 684 1484 Et
713 1424 753 1484 ad
779 1426 1010 1484 Constantinum
1042 1435 1073 1483 et
1098 1427 1217 1484 irenem
1245 1423 1367 1486 eodem

249 1515 370 1598 pietatis
394 1510 505 1571 affectu
522 1503 645 1591 scripsit
664 1508 815 1570 Adrianus
836 1513 861 1570 1.

333 1599 370 1658 P·
396 1598 473 1672 166,
496 1601 528 1661 8.
570 1598 782 1656 Romanorum
809 1617 896 1676 opes:
921 1615 998 1676 pare
1025 1592 1163 1676 direptas
1190 1615 1212 1654 a
1240 1585 1367 1653 barba-

248 1687 311 1760 rie,-
336 1703 413 1763 pars
438 1703 459 1740 a
484 1681 612 1742 Caesare
638 1684 672 1741 s'n
699 1680 831 1740 άίνσσίε
859 1681 986 1740 latebria
1011 1692 1147 1740 retrueae
1175 1680 1365 1760 affirmare]

248 1765 404 1850 Quidquid
425 1769 477 1827 alii
499 1771 707 1847 opinarentur,
732 1786 823 1847 grave
851 1786 901 1825 aes
924 1769 1058 1828 alienum
1078 1768 1261 1828 Iustinianus
1286 1766 1370 1824 reli-

248 1859 330 1937 quit,
359 1851 441 1936 quod
468 1855 600 1915 lustinus
627 1872 782 1915 successor
811 1851 964 1932 dissolvit,
994 1861 1029 1912 ut
1049 1854 1197 1934 corippus
1225 1849 1366 1910 affirmat

395 2023 542 2084 Plurima
561 2034 636 2083 eunt
656 2027 726 2084 vivo
746 2025 879 2083 ninum
898 2023 1034 2103 neglecta
1055 2025 1189 2102 parenti,

405 2106 491 2168 Unde
511 2119 555 2168 tot
575 2109 745 2168 exhaustus
765 2112 918 2168 contenit
938 2105 1042 2167 debita
1058 2109 1167 2188 facua,

400 2190 538 2254 Reddere
559 2213 638 2274 quae
657 2197 776 2255 maceria
796 2197 872 2256 moti
886 2196 1003 2274 pietate
1018 2213 1184 2274 paramur.

246 2291 281 2346 et
298 2278 391 2362 paulo
411 2288 499 2358 post3
593 2317 595 2322 ·

269 2422 271 2432 ,
523 2359 703 2424 Innumerae
723 2385 793 2424 moa
813 2361 960 2425 advenere
980 2374 1128 2446 catervae,

268 2512 271 2517 ,
334 2451 441 2512 fonsa
461 2451 592 2510 centania
612 2461 795 2530 onerataque
816 2447 946 2509 brachia
966 2449 1055 2510 libris

333 2538 509 2614 Depoeam
530 2535 697 2614 Ιιμιηινιὲς.ι
723 2539 852 2596 Parmae
870 2539 1081 2616 glomerantur
1101 2541 1135 2596 in
1155 2555 1259 2614 unuln,

333 2623 378 2682 Et
399 2631 484 2679 totua
499 2620 581 2699 fuso
603 2623 706 2678 circae
726 2618 912 2700 resplenduit
933 2643 1021 2682 auro.

337 2707 426 2766 Tunc
442 2708 548 2786 posita
567 2708 685 2765 ratione
697 2707 824 2785 palam,
842 2707 1019 2786 populoque
1039 2703 1159 2767 vidente

333 2791 451 2854 Debita
467 2791 615 2872 persolvit
625 2795 798 2872 pecturis,
820 2803 917 2852 cauta
938 2795 1057 2873 recepit.

333 2877 369 2937 P.
397 2881 464 2952 166,
487 2876 518 2942 5.
561 2879 610 2937 Ex
637 2877 727 2936 rebus
746 2877 894 2936 humanis
917 2877 1087 2955 excesserit]
1121 2877 1168 2936 De
1196 2873 1360 2934 iustiniani

249 2971 347 3022 morta
368 2959 447 3020 nihil
467 2964 647 3042 Procopius,
676 2981 749 3022 nam
776 2973 845 3042 poet
871 2959 952 3022 hunc
981 2965 1092 3024 librum
1113 2963 1150 3020 ab
1174 2981 1209 3020 eo
1231 2957 1360 3018 absolu-

250 3057 327 3122 tam,
349 3057 448 3108 totum
468 3053 660 3127 septennium
672 3051 855 3108 lastinianus
877 3050 1035 3128 superfuit.
1078 3051 1205 3128 Antiqui
1226 3049 1359 3124 scripto-

251 3151 300 3190 res
329 3131 438 3205 sileut3
467 3151 509 3190 ex
537 3135 749 3200 recentioribus
781 3133 950 3193 Sabelliani
977 3131 1122 3192 Enneade
1144 3133 1169 3194 8
1192 3132 1246 3192 lib.
1267 3129 1301 3194 4.
1325 3140 1359 3188 et

144 3215 392 3279 rationarius
416 3234 435 3273 a
456 3215 591 3295 Rcsberg
616 3228 717 3276 mente
746 3227 867 3298 captum
893 3219 1002 3278 obiisse
1024 3219 1184 3278 affirmant.
1225 3213 1262 3276 ld
1284 3218 1359 3296 qui-

252 3298 324 3359 dem
345 3297 383 3358 de
402 3301 519 3361 lustino
538 3303 696 3361 Iustiniani
716 3313 825 3382 nepote
847 3305 939 3362 etiam
957 3316 1072 3386 veteres
1094 3313 1232 3378 narrant3
1262 3312 1294 3360 et
1315 3301 1358 3359 il-

251 3387 312 3446 lius
334 3389 438 3472 aetatis
459 3383 602 3464 historici,
625 3387 789 3448 Menander
804 3391 958 3449 Protector
977 3391 1037 3454 l.2
1058 3401 1088 3448 et
1104 3385 1359 3468 Theophylactus

252 3472 415 3532 simocatta
434 3473 457 3530 l.
480 3477 500 3536 8
521 3494 547 3532 c.
573 3478 621 3536 11.
663 3477 743 3533 Num
763 3477 840 3534 sicut
866 3477 984 3534 inscitia
1010 3478 1117 3534 lustini
1136 3476 1283 3548 senioris,
1314 3475 1360 3530 ita

251 3559 377 3616 iunioris
407 3555 558 3616 dementia
585 3559 623 3616 ob
650 3561 782 3617 nominis
809 3558 1040 3618 similitudinem
1071 3561 1118 3642 (ut
1147 3579 1238 3640 supra
1263 3577 1361 3638 saepe

252 3642 438 3722 notavimus)
459 3646 624 3704 iustiniano
646 3641 794 3723 adscripta
815 3641 885 3703 est‘l
906 3647 1018 3705 Verum
1041 3665 1118 3727 quae
1139 3644 1177 3703 de
1198 3645 1362 3704 Iustiniani

252 3728 417 3802 stoliditate
447 3727 486 3787 ad
513 3751 545 3809 p.
573 3734 614 3794 36
646 3729 668 3788 1.
696 3731 734 3792 12
765 3733 951 3807 notavimus,
984 3728 1044 3790 huc
1076 3732 1174 3790 lacere
1205 3729 1362 3790 ridentur.

252 3818 331 3874 Nam
352 3817 462 3893 legisse
483 3835 534 3872 me
555 3817 681 3873 memini
703 3812 785 3894 apud
804 3815 932 3876 Suidain
953 3819 1069 3898 antiqui
1098 3827 1128 3875 at
1150 3817 1221 3876 boni
1243 3818 1362 3874 autoris

253 3895 329 3958 haec
349 3901 451 3959 rerba.
492 3895 526 3960 ‘0
548 3897 580 3962 dl
599 3893 807 3974 Ἰουστινιανὸς
833 3901 892 3964 sl're
918 3895 979 3964 sind
1005 3896 1106 3984 γήρως
1130 3897 1168 3965 roi
1188 3901 1293 3982 scipsa
1314 3897 1364 3980 pq*

254 3989 396 4064 φρονῶν,
423 3979 599 4057 eluditur
621 3981 796 4065 ἔμελλετὴν
819 3979 1039 4068 ὄρθογνῶμονα
1058 3986 1128 4067 περὶ
1151 3990 1286 4069 Χριστοῦ
1305 3979 1363 4048 do'-

253 4069 311 4144 ξαν
330 4063 539 4148 decennnium,
559 4070 597 4130 ἐἰ
615 4067 656 4150 μὴ
678 4069 710 4144 ἐξ
727 4062 904 4154 dedpoinuv
925 4069 1025 4155 ᾤχετο.
1068 4069 1265 4132 lastinianus
1285 4091 1359 4130 vero

254 4152 305 4213 vel
320 4163 444 4230 propter
464 4164 654 4232 senectutem,
682 4155 731 4214 vel
750 4155 818 4215 alia
839 4155 876 4214 de
897 4177 995 4216 causa
1015 4159 1140 4216 minime
1160 4179 1238 4216 satta
1259 4167 1361 4216 mente

251 4246 386 4316 paratus
406 4247 472 4295 erat
492 4237 538 4297 ad
557 4237 755 4299 orthodoxam
777 4239 814 4300 de
829 4240 950 4304 Christo
970 4247 1150 4306 senteutiam
1164 4241 1360 4325 perturban-
