<?xml version="1.0" encoding="UTF-8"?>
<!DOCTYPE html PUBLIC "-//W3C//DTD XHTML 1.0 Transitional//EN"
    "http://www.w3.org/TR/xhtml1/DTD/xhtml1-transitional.dtd">
<html xmlns="http://www.w3.org/1999/xhtml" xml:lang="en" lang="en">
 <head>
  <title>
</title>
<meta http-equiv="Content-Type" content="text/html;charset=utf-8" />
  <meta name='ocr-system' content='tesseract 3.04.00' />
  <meta name='ocr-capabilities' content='ocr_page ocr_carea ocr_par ocr_line ocrx_word'/>
</head>
<body>
  <div class='ocr_page' id='page_1' title='image "./corpusscriptoru17niebgoog_0423.png"; bbox 0 0 2992 4826; ppageno 0'>
   <div class='ocr_carea' id='block_1_1' title="bbox 154 231 986 322">
    <p class='ocr_par' dir='ltr' id='par_1_1' title="bbox 154 193 986 322">
     <span class='ocr_line' id='line_1_1' title="bbox 154 231 986 322; baseline -0.019 1"><span class='ocrx_word' id='word_1_1' title='bbox 154 243 164 264; x_wconf 68' lang='grc'>“</span> <span class='ocrx_word' id='word_1_2' title='bbox 238 247 313 322; x_wconf 82' lang='lat' dir='ltr'>sco</span> <span class='ocrx_word' id='word_1_3' title='bbox 402 231 439 314; x_wconf 69' lang='grc'>’,</span> <span class='ocrx_word' id='word_1_4' title='bbox 586 239 633 312; x_wconf 83' lang='lat' dir='ltr'>ru</span> <span class='ocrx_word' id='word_1_5' title='bbox 657 237 768 308; x_wconf 81' lang='lat' dir='ltr'>urar.</span> <span class='ocrx_word' id='word_1_6' title='bbox 792 237 986 312; x_wconf 77' lang='lat' dir='ltr'>mossur</span> 
     </span>
    </p>
   </div>
   <div class='ocr_carea' id='block_1_2' title="bbox 196 403 1474 1004">
    <p class='ocr_par' dir='ltr' id='par_1_2' title="bbox 196 403 1474 1004">
     <span class='ocr_line' id='line_1_2' title="bbox 237 403 1351 483; baseline -0.006 -11"><span class='ocrx_word' id='word_1_7' title='bbox 237 411 376 474; x_wconf 77' lang='lat' dir='ltr'>collinus.</span> <span class='ocrx_word' id='word_1_8' title='bbox 418 409 476 470; x_wconf 81' lang='lat' dir='ltr'>ttio</span> <span class='ocrx_word' id='word_1_9' title='bbox 496 417 617 468; x_wconf 72' lang='lat' dir='ltr'>muster</span> <span class='ocrx_word' id='word_1_10' title='bbox 629 406 688 478; x_wconf 82' lang='lat' dir='ltr'>fuit</span> <span class='ocrx_word' id='word_1_11' title='bbox 707 403 818 468; x_wconf 83' lang='lat' dir='ltr'>illustri</span> <span class='ocrx_word' id='word_1_12' title='bbox 837 405 905 468; x_wconf 88' lang='lat' dir='ltr'>loco</span> <span class='ocrx_word' id='word_1_13' title='bbox 926 416 1031 483; x_wconf 63' lang='lat' dir='ltr'>natus,</span> <span class='ocrx_word' id='word_1_14' title='bbox 1047 407 1161 468; x_wconf 71' lang='lat' dir='ltr'>coniri:</span> <span class='ocrx_word' id='word_1_15' title='bbox 1172 405 1351 483; x_wconf 78' lang='lat' dir='ltr'>Preientae,</span> 
     </span>
     <span class='ocr_line' id='line_1_3' title="bbox 237 493 1350 573; baseline -0.004 -15"><span class='ocrx_word' id='word_1_16' title='bbox 237 519 292 559; x_wconf 85' lang='lat' dir='ltr'>seu</span> <span class='ocrx_word' id='word_1_17' title='bbox 312 499 467 556; x_wconf 75' lang='lat' dir='ltr'><strong>Proiectae</strong></span> <span class='ocrx_word' id='word_1_18' title='bbox 488 493 667 572; x_wconf 72' lang='lat' dir='ltr'>vigilantiae</span> <span class='ocrx_word' id='word_1_19' title='bbox 689 494 847 552; x_wconf 86' lang='lat' dir='ltr'>Iustiniani</span> <span class='ocrx_word' id='word_1_20' title='bbox 867 493 976 552; x_wconf 81' lang='lat' dir='ltr'>sororis</span> <span class='ocrx_word' id='word_1_21' title='bbox 998 493 1096 568; x_wconf 85' lang='lat' dir='ltr'>filiae,</span> <span class='ocrx_word' id='word_1_22' title='bbox 1120 513 1213 573; x_wconf 87' lang='lat' dir='ltr'>quae,</span> <span class='ocrx_word' id='word_1_23' title='bbox 1236 497 1350 558; x_wconf 86' lang='lat' dir='ltr'>occiso</span> 
     </span>
     <span class='ocr_line' id='line_1_4' title="bbox 222 575 1350 660; baseline -0.003 -17"><span class='ocrx_word' id='word_1_24' title='bbox 222 587 270 654; x_wconf 63' lang='lat' dir='ltr'>,ln</span> <span class='ocrx_word' id='word_1_25' title='bbox 298 583 400 642; x_wconf 85' lang='lat' dir='ltr'>Africa</span> <span class='ocrx_word' id='word_1_26' title='bbox 427 575 625 660; x_wconf 79' lang='lat' dir='ltr'>Arecbyndo,</span> <span class='ocrx_word' id='word_1_27' title='bbox 654 598 724 638; x_wconf 86' lang='lat' dir='ltr'>cum</span> <span class='ocrx_word' id='word_1_28' title='bbox 749 581 861 638; x_wconf 89' lang='lat' dir='ltr'>loanue</span> <span class='ocrx_word' id='word_1_29' title='bbox 885 580 1012 658; x_wconf 82' lang='lat' dir='ltr'>Pompei</span> <span class='ocrx_word' id='word_1_30' title='bbox 1039 580 1191 638; x_wconf 82' lang='lat' dir='ltr'>Anastesli</span> <span class='ocrx_word' id='word_1_31' title='bbox 1218 581 1350 659; x_wconf 82' lang='lat' dir='ltr'>nepotis</span> 
     </span>
     <span class='ocr_line' id='line_1_5' title="bbox 236 663 1349 744; baseline -0.005 -14"><span class='ocrx_word' id='word_1_32' title='bbox 236 669 299 730; x_wconf 89' lang='lat' dir='ltr'>filio</span> <span class='ocrx_word' id='word_1_33' title='bbox 334 667 562 726; x_wconf 76' lang='lat' dir='ltr'>matrimonium</span> <span class='ocrx_word' id='word_1_34' title='bbox 601 664 760 724; x_wconf 87' lang='lat' dir='ltr'>contraxit.</span> <span class='ocrx_word' id='word_1_35' title='bbox 818 665 976 724; x_wconf 85' lang='lat' dir='ltr'>Praeterea</span> <span class='ocrx_word' id='word_1_36' title='bbox 1010 665 1104 742; x_wconf 82' lang='lat' dir='ltr'>gessit</span> <span class='ocrx_word' id='word_1_37' title='bbox 1137 663 1349 744; x_wconf 82' lang='lat' dir='ltr'>Areobyudus</span> 
     </span>
     <span class='ocr_line' id='line_1_6' title="bbox 234 749 1196 833; baseline -0.008 -18"><span class='ocrx_word' id='word_1_38' title='bbox 234 766 395 833; x_wconf 77' lang='lat' dir='ltr'>uuaruque</span> <span class='ocrx_word' id='word_1_39' title='bbox 416 751 652 831; x_wconf 74' lang='lat' dir='ltr'>praefecturam,</span> <span class='ocrx_word' id='word_1_40' title='bbox 672 749 818 809; x_wconf 86' lang='lat' dir='ltr'>urbanam</span> <span class='ocrx_word' id='word_1_41' title='bbox 840 759 870 808; x_wconf 92' lang='lat' dir='ltr'>et</span> <span class='ocrx_word' id='word_1_42' title='bbox 890 751 1121 828; x_wconf 85' lang='lat' dir='ltr'>praetorianam.</span> <span class='ocrx_word' id='word_1_43' title='bbox 1194 777 1196 782; x_wconf 96' lang='lat'>·</span> 
     </span>
     <span class='ocr_line' id='line_1_7' title="bbox 233 831 1350 916; baseline -0.005 -18"><span class='ocrx_word' id='word_1_44' title='bbox 233 906 236 916; x_wconf 31' lang='grc' dir='ltr'>Ι</span> <span class='ocrx_word' id='word_1_45' title='bbox 320 841 358 898; x_wconf 90' lang='grc' dir='ltr'>Ρ.</span> <span class='ocrx_word' id='word_1_46' title='bbox 369 836 420 912; x_wconf 76' lang='grc'>48,</span> <span class='ocrx_word' id='word_1_47' title='bbox 432 843 462 902; x_wconf 84' lang='grc'>1.</span> <span class='ocrx_word' id='word_1_48' title='bbox 505 831 543 894; x_wconf 79' lang='lat' dir='ltr'>Io</span> <span class='ocrx_word' id='word_1_49' title='bbox 554 834 664 913; x_wconf 61' lang='lat' dir='ltr'>Ilhrs&#39;a</span> <span class='ocrx_word' id='word_1_50' title='bbox 683 835 762 912; x_wconf 78' lang='lat' dir='ltr'>nate]</span> <span class='ocrx_word' id='word_1_51' title='bbox 783 837 850 894; x_wconf 85' lang='lat' dir='ltr'>flac</span> <span class='ocrx_word' id='word_1_52' title='bbox 869 833 952 914; x_wconf 77' lang='lat' dir='ltr'>idem</span> <span class='ocrx_word' id='word_1_53' title='bbox 969 831 1148 894; x_wconf 85' lang='lat' dir='ltr'>Theodorus</span> <span class='ocrx_word' id='word_1_54' title='bbox 1167 835 1286 908; x_wconf 79' lang='lat' dir='ltr'>Lector,</span> <span class='ocrx_word' id='word_1_55' title='bbox 1311 843 1350 893; x_wconf 74' lang='lat' dir='ltr'>et</span> 
     </span>
     <span class='ocr_line' id='line_1_8' title="bbox 196 917 1474 1004; baseline -0.007 -18"><span class='ocrx_word' id='word_1_56' title='bbox 196 955 200 964; x_wconf 92' lang='lat'><strong>·</strong></span> <span class='ocrx_word' id='word_1_57' title='bbox 237 921 452 1004; x_wconf 71' lang='lat' dir='ltr'>Theophanes,</span> <span class='ocrx_word' id='word_1_58' title='bbox 477 922 579 982; x_wconf 88' lang='lat' dir='ltr'>Victor</span> <span class='ocrx_word' id='word_1_59' title='bbox 599 921 692 978; x_wconf 89' lang='lat' dir='ltr'>etiam</span> <span class='ocrx_word' id='word_1_60' title='bbox 711 921 885 980; x_wconf 86' lang='lat' dir='ltr'>Tunuensis</span> <span class='ocrx_word' id='word_1_61' title='bbox 906 921 1043 1000; x_wconf 86' lang='lat' dir='ltr'>Procopii</span> <span class='ocrx_word' id='word_1_62' title='bbox 1065 920 1209 1000; x_wconf 87' lang='lat' dir='ltr'>aequalis,</span> <span class='ocrx_word' id='word_1_63' title='bbox 1230 917 1350 997; x_wconf 80' lang='lat' dir='ltr'>lllyri—</span> <span class='ocrx_word' id='word_1_64' title='bbox 1473 988 1474 997; x_wconf 9' lang='grc' dir='ltr'>χ</span> 
     </span>
    </p>
   </div>
   <div class='ocr_carea' id='block_1_3' title="bbox 122 999 1475 4333">
    <p class='ocr_par' dir='ltr' id='par_1_3' title="bbox 122 999 1475 4333">
     <span class='ocr_line' id='line_1_9' title="bbox 237 999 1349 1085; baseline -0.007 -13"><span class='ocrx_word' id='word_1_65' title='bbox 237 1013 362 1072; x_wconf 77' lang='lat' dir='ltr'>clauum</span> <span class='ocrx_word' id='word_1_66' title='bbox 381 1009 533 1068; x_wconf 79' lang='lat' dir='ltr'>lustinum</span> <span class='ocrx_word' id='word_1_67' title='bbox 553 1003 626 1066; x_wconf 90' lang='lat' dir='ltr'>dicit</span> <span class='ocrx_word' id='word_1_68' title='bbox 645 1006 678 1064; x_wconf 88' lang='lat' dir='ltr'>in</span> <span class='ocrx_word' id='word_1_69' title='bbox 701 999 867 1082; x_wconf 78' lang='lat' dir='ltr'>chronic&#39;03</span> <span class='ocrx_word' id='word_1_70' title='bbox 897 1003 952 1065; x_wconf 88' lang='lat' dir='ltr'>sed</span> <span class='ocrx_word' id='word_1_71' title='bbox 973 1003 1133 1066; x_wconf 82' lang='lat' dir='ltr'>Zacharias</span> <span class='ocrx_word' id='word_1_72' title='bbox 1155 1002 1237 1085; x_wconf 89' lang='lat' dir='ltr'>apud</span> <span class='ocrx_word' id='word_1_73' title='bbox 1255 1007 1349 1064; x_wconf 80' lang='lat' dir='ltr'>liva-</span> 
     </span>
     <span class='ocr_line' id='line_1_10' title="bbox 234 1088 1349 1177; baseline -0.004 -23"><span class='ocrx_word' id='word_1_74' title='bbox 234 1097 340 1177; x_wconf 80' lang='lat' dir='ltr'>grium</span> <span class='ocrx_word' id='word_1_75' title='bbox 359 1093 382 1154; x_wconf 89' lang='lat' dir='ltr'>l.</span> <span class='ocrx_word' id='word_1_76' title='bbox 405 1091 425 1156; x_wconf 88' lang='lat'>4</span> <span class='ocrx_word' id='word_1_77' title='bbox 446 1112 474 1152; x_wconf 87' lang='lat' dir='ltr'>c.</span> <span class='ocrx_word' id='word_1_78' title='bbox 498 1097 533 1168; x_wconf 91' lang='lat'>1,</span> <span class='ocrx_word' id='word_1_79' title='bbox 564 1101 596 1151; x_wconf 92' lang='lat' dir='ltr'>et</span> <span class='ocrx_word' id='word_1_80' title='bbox 614 1091 744 1150; x_wconf 85' lang='lat' dir='ltr'>Basilius</span> <span class='ocrx_word' id='word_1_81' title='bbox 766 1092 847 1150; x_wconf 82' lang='lat' dir='ltr'>Cilix</span> <span class='ocrx_word' id='word_1_82' title='bbox 874 1088 955 1170; x_wconf 89' lang='lat' dir='ltr'>apud</span> <span class='ocrx_word' id='word_1_83' title='bbox 975 1089 1120 1150; x_wconf 88' lang='lat' dir='ltr'>Photium</span> <span class='ocrx_word' id='word_1_84' title='bbox 1139 1093 1172 1148; x_wconf 88' lang='lat' dir='ltr'>in</span> <span class='ocrx_word' id='word_1_85' title='bbox 1192 1088 1349 1150; x_wconf 86' lang='lat' dir='ltr'>Biblioth.</span> 
     </span>
     <span class='ocr_line' id='line_1_11' title="bbox 238 1173 1474 1262; baseline -0.004 -21"><span class='ocrx_word' id='word_1_86' title='bbox 238 1193 269 1242; x_wconf 91' lang='lat' dir='ltr'>et</span> <span class='ocrx_word' id='word_1_87' title='bbox 284 1175 343 1262; x_wconf 68' lang='lat' dir='ltr'>&#39;qui</span> <span class='ocrx_word' id='word_1_88' title='bbox 363 1187 432 1260; x_wconf 88' lang='lat' dir='ltr'>post</span> <span class='ocrx_word' id='word_1_89' title='bbox 447 1178 629 1256; x_wconf 81' lang='lat' dir='ltr'>Procopium</span> <span class='ocrx_word' id='word_1_90' title='bbox 648 1179 831 1256; x_wconf 85' lang='lat' dir='ltr'>scripserunt</span> <span class='ocrx_word' id='word_1_91' title='bbox 850 1173 995 1252; x_wconf 75' lang='lat' dir='ltr'>historici,</span> <span class='ocrx_word' id='word_1_92' title='bbox 1024 1177 1169 1236; x_wconf 74' lang='lat' dir='ltr'>Thracem</span> <span class='ocrx_word' id='word_1_93' title='bbox 1189 1178 1348 1236; x_wconf 82' lang='lat' dir='ltr'>lustinum</span> <span class='ocrx_word' id='word_1_94' title='bbox 1472 1182 1474 1229; x_wconf 67' lang='lat' dir='ltr'>i</span> 
     </span>
     <span class='ocr_line' id='line_1_12' title="bbox 194 1259 1348 1342; baseline -0.003 -17"><span class='ocrx_word' id='word_1_95' title='bbox 194 1259 197 1264; x_wconf 71' lang='grc'><strong>’</strong></span> <span class='ocrx_word' id='word_1_96' title='bbox 237 1276 357 1332; x_wconf 69' lang='lat' dir='ltr'>vocant.</span> <span class='ocrx_word' id='word_1_97' title='bbox 389 1265 483 1322; x_wconf 83' lang='lat' dir='ltr'>¹Bana</span> <span class='ocrx_word' id='word_1_98' title='bbox 504 1273 567 1338; x_wconf 69' lang='lat' dir='ltr'>eet,</span> <span class='ocrx_word' id='word_1_99' title='bbox 589 1281 662 1322; x_wconf 89' lang='lat' dir='ltr'>nam</span> <span class='ocrx_word' id='word_1_100' title='bbox 682 1259 847 1337; x_wconf 87' lang='lat' dir='ltr'>Bederiua,</span> <span class='ocrx_word' id='word_1_101' title='bbox 872 1281 964 1342; x_wconf 90' lang='lat' dir='ltr'>quae,</span> <span class='ocrx_word' id='word_1_102' title='bbox 985 1263 1141 1322; x_wconf 90' lang='lat' dir='ltr'>utstatim</span> <span class='ocrx_word' id='word_1_103' title='bbox 1163 1263 1206 1320; x_wconf 91' lang='lat' dir='ltr'>ait</span> <span class='ocrx_word' id='word_1_104' title='bbox 1225 1263 1348 1321; x_wconf 84' lang='lat' dir='ltr'>Proco-</span> 
     </span>
     <span class='ocr_line' id='line_1_13' title="bbox 237 1339 1347 1433; baseline -0.004 -23"><span class='ocrx_word' id='word_1_105' title='bbox 237 1353 323 1433; x_wconf 85' lang='lat' dir='ltr'>pius,</span> <span class='ocrx_word' id='word_1_106' title='bbox 355 1349 471 1408; x_wconf 84' lang='lat' dir='ltr'>lustina</span> <span class='ocrx_word' id='word_1_107' title='bbox 491 1349 589 1430; x_wconf 84' lang='lat' dir='ltr'>patria</span> <span class='ocrx_word' id='word_1_108' title='bbox 609 1347 687 1424; x_wconf 86' lang='lat' dir='ltr'>fuit,</span> <span class='ocrx_word' id='word_1_109' title='bbox 716 1343 753 1406; x_wconf 62' lang='lat' dir='ltr'>iu&#39;</span> <span class='ocrx_word' id='word_1_110' title='bbox 776 1346 939 1409; x_wconf 81' lang='lat' dir='ltr'>limitaneis</span> <span class='ocrx_word' id='word_1_111' title='bbox 961 1348 1102 1427; x_wconf 77' lang='lat' dir='ltr'>Illyriae,</span> <span class='ocrx_word' id='word_1_112' title='bbox 1130 1339 1347 1428; x_wconf 83' lang='lat' dir='ltr'>Thraciaeque</span> 
     </span>
     <span class='ocr_line' id='line_1_14' title="bbox 238 1430 1346 1516; baseline -0.004 -20"><span class='ocrx_word' id='word_1_113' title='bbox 238 1438 319 1516; x_wconf 86' lang='lat' dir='ltr'>agris</span> <span class='ocrx_word' id='word_1_114' title='bbox 339 1436 396 1494; x_wconf 88' lang='lat' dir='ltr'>sita</span> <span class='ocrx_word' id='word_1_115' title='bbox 419 1445 493 1494; x_wconf 84' lang='lat' dir='ltr'>erat.</span> <span class='ocrx_word' id='word_1_116' title='bbox 534 1435 628 1494; x_wconf 86' lang='lat' dir='ltr'>Porro</span> <span class='ocrx_word' id='word_1_117' title='bbox 648 1433 825 1514; x_wconf 84' lang='lat' dir='ltr'>saepissime</span> <span class='ocrx_word' id='word_1_118' title='bbox 851 1433 900 1508; x_wconf 86' lang='lat' dir='ltr'>fit,</span> <span class='ocrx_word' id='word_1_119' title='bbox 929 1441 964 1492; x_wconf 87' lang='lat' dir='ltr'>ut</span> <span class='ocrx_word' id='word_1_120' title='bbox 991 1451 1068 1514; x_wconf 87' lang='lat' dir='ltr'>quae</span> <span class='ocrx_word' id='word_1_121' title='bbox 1095 1431 1183 1491; x_wconf 87' lang='lat' dir='ltr'>urbes</span> <span class='ocrx_word' id='word_1_122' title='bbox 1213 1430 1346 1492; x_wconf 88' lang='lat' dir='ltr'>duarum</span> 
     </span>
     <span class='ocr_line' id='line_1_15' title="bbox 237 1517 1349 1610; baseline -0.003 -29"><span class='ocrx_word' id='word_1_123' title='bbox 237 1520 542 1610; x_wconf 78' lang='lat' dir='ltr'>provinciarum,vel</span> <span class='ocrx_word' id='word_1_124' title='bbox 560 1518 636 1580; x_wconf 84' lang='lat' dir='ltr'>fines</span> <span class='ocrx_word' id='word_1_125' title='bbox 656 1519 837 1593; x_wconf 87' lang='lat' dir='ltr'>terminant,</span> <span class='ocrx_word' id='word_1_126' title='bbox 858 1517 908 1578; x_wconf 78' lang='lat' dir='ltr'>rel</span> <span class='ocrx_word' id='word_1_127' title='bbox 929 1519 1007 1576; x_wconf 88' lang='lat' dir='ltr'>circa</span> <span class='ocrx_word' id='word_1_128' title='bbox 1027 1517 1202 1592; x_wconf 70' lang='lat' dir='ltr'>huessant,</span> <span class='ocrx_word' id='word_1_129' title='bbox 1221 1519 1255 1576; x_wconf 91' lang='lat' dir='ltr'>in</span> <span class='ocrx_word' id='word_1_130' title='bbox 1272 1538 1349 1578; x_wconf 86' lang='lat' dir='ltr'>am-</span> 
     </span>
     <span class='ocr_line' id='line_1_16' title="bbox 233 1601 1348 1688; baseline -0.004 -21"><span class='ocrx_word' id='word_1_131' title='bbox 233 1609 346 1678; x_wconf 70' lang='lat' dir='ltr'>¹barum</span> <span class='ocrx_word' id='word_1_132' title='bbox 368 1616 468 1688; x_wconf 86' lang='lat' dir='ltr'>partes</span> <span class='ocrx_word' id='word_1_133' title='bbox 494 1601 658 1686; x_wconf 85' lang='lat' dir='ltr'>aliquando</span> <span class='ocrx_word' id='word_1_134' title='bbox 687 1604 725 1664; x_wconf 90' lang='lat' dir='ltr'>ah</span> <span class='ocrx_word' id='word_1_135' title='bbox 752 1604 905 1664; x_wconf 89' lang='lat' dir='ltr'>autoribus</span> <span class='ocrx_word' id='word_1_136' title='bbox 926 1604 1011 1662; x_wconf 93' lang='lat' dir='ltr'>uullc</span> <span class='ocrx_word' id='word_1_137' title='bbox 1034 1602 1206 1663; x_wconf 86' lang='lat' dir='ltr'>discrimine</span> <span class='ocrx_word' id='word_1_138' title='bbox 1228 1601 1348 1662; x_wconf 87' lang='lat' dir='ltr'>admit-</span> 
     </span>
     <span class='ocr_line' id='line_1_17' title="bbox 238 1687 1346 1772; baseline -0.003 -19"><span class='ocrx_word' id='word_1_139' title='bbox 238 1703 358 1766; x_wconf 68' lang='lat' dir='ltr'>tentur,</span> <span class='ocrx_word' id='word_1_140' title='bbox 386 1693 564 1771; x_wconf 86' lang='lat' dir='ltr'>praesertim</span> <span class='ocrx_word' id='word_1_141' title='bbox 590 1711 661 1750; x_wconf 89' lang='lat' dir='ltr'>cum</span> <span class='ocrx_word' id='word_1_142' title='bbox 683 1692 906 1772; x_wconf 78' lang='lat' dir='ltr'>provinciarum</span> <span class='ocrx_word' id='word_1_143' title='bbox 930 1691 1106 1770; x_wconf 87' lang='lat' dir='ltr'>partitiones</span> <span class='ocrx_word' id='word_1_144' title='bbox 1133 1709 1194 1749; x_wconf 90' lang='lat' dir='ltr'>uon</span> <span class='ocrx_word' id='word_1_145' title='bbox 1216 1687 1346 1750; x_wconf 86' lang='lat' dir='ltr'>eaedem</span> 
     </span>
     <span class='ocr_line' id='line_1_18' title="bbox 234 1773 1345 1858; baseline -0.005 -18"><span class='ocrx_word' id='word_1_146' title='bbox 234 1775 321 1858; x_wconf 81' lang='lat' dir='ltr'>apud</span> <span class='ocrx_word' id='word_1_147' title='bbox 350 1795 455 1838; x_wconf 84' lang='lat' dir='ltr'>ornnes</span> <span class='ocrx_word' id='word_1_148' title='bbox 483 1773 671 1856; x_wconf 78' lang='lat' dir='ltr'>geographos</span> <span class='ocrx_word' id='word_1_149' title='bbox 702 1786 733 1836; x_wconf 90' lang='lat' dir='ltr'>et</span> <span class='ocrx_word' id='word_1_150' title='bbox 764 1774 922 1836; x_wconf 86' lang='lat' dir='ltr'>historicos</span> <span class='ocrx_word' id='word_1_151' title='bbox 948 1777 1018 1834; x_wconf 86' lang='lat' dir='ltr'>sint.</span> <span class='ocrx_word' id='word_1_152' title='bbox 1067 1775 1170 1834; x_wconf 84' lang='lat' dir='ltr'>Etiam</span> <span class='ocrx_word' id='word_1_153' title='bbox 1195 1773 1345 1854; x_wconf 78' lang='lat' dir='ltr'>Agatlrias</span> 
     </span>
     <span class='ocr_line' id='line_1_19' title="bbox 235 1859 1345 1942; baseline -0.005 -17"><span class='ocrx_word' id='word_1_154' title='bbox 235 1863 263 1925; x_wconf 83' lang='lat' dir='ltr'>l·</span> <span class='ocrx_word' id='word_1_155' title='bbox 283 1862 304 1928; x_wconf 81' lang='lat'><em>5</em></span> <span class='ocrx_word' id='word_1_156' title='bbox 332 1859 513 1923; x_wconf 87' lang='lat' dir='ltr'>Bederiuam</span> <span class='ocrx_word' id='word_1_157' title='bbox 526 1862 572 1920; x_wconf 89' lang='lat' dir='ltr'>&#39;in</span> <span class='ocrx_word' id='word_1_158' title='bbox 592 1861 696 1942; x_wconf 84' lang='lat' dir='ltr'>Illyria</span> <span class='ocrx_word' id='word_1_159' title='bbox 725 1862 870 1922; x_wconf 85' lang='lat' dir='ltr'>collocet:</span> <span class='ocrx_word' id='word_1_160' title='bbox 901 1863 1084 1921; x_wconf 83' lang='lat' dir='ltr'>Iustiuiauus</span> <span class='ocrx_word' id='word_1_161' title='bbox 1105 1860 1227 1920; x_wconf 83' lang='lat' dir='ltr'>novella</span> <span class='ocrx_word' id='word_1_162' title='bbox 1250 1865 1285 1926; x_wconf 88' lang='lat' dir='ltr'>ll</span> <span class='ocrx_word' id='word_1_163' title='bbox 1309 1863 1345 1920; x_wconf 84' lang='lat' dir='ltr'>in</span> 
     </span>
     <span class='ocr_line' id='line_1_20' title="bbox 231 1943 1344 2029; baseline -0.002 -21"><span class='ocrx_word' id='word_1_164' title='bbox 231 1945 371 2016; x_wconf 83' lang='lat' dir='ltr'>secunda</span> <span class='ocrx_word' id='word_1_165' title='bbox 391 1947 566 2023; x_wconf 85' lang='lat' dir='ltr'>Pannonia;</span> <span class='ocrx_word' id='word_1_166' title='bbox 587 1962 694 2008; x_wconf 81' lang='lat' dir='ltr'>verum</span> <span class='ocrx_word' id='word_1_167' title='bbox 710 1943 791 2008; x_wconf 89' lang='lat' dir='ltr'>haec</span> <span class='ocrx_word' id='word_1_168' title='bbox 811 1944 890 2012; x_wconf 87' lang='lat' dir='ltr'>nihil</span> <span class='ocrx_word' id='word_1_169' title='bbox 910 1945 1091 2029; x_wconf 70' lang='lat' dir='ltr'>dirumpant,</span> <span class='ocrx_word' id='word_1_170' title='bbox 1112 1957 1148 2006; x_wconf 91' lang='lat' dir='ltr'>ut</span> <span class='ocrx_word' id='word_1_171' title='bbox 1168 1949 1272 2009; x_wconf 82' lang='lat' dir='ltr'>statim</span> <span class='ocrx_word' id='word_1_172' title='bbox 1291 1944 1344 2006; x_wconf 89' lang='lat' dir='ltr'>di-</span> 
     </span>
     <span class='ocr_line' id='line_1_21' title="bbox 232 2034 538 2102; baseline 0 -10"><span class='ocrx_word' id='word_1_173' title='bbox 232 2034 420 2102; x_wconf 81' lang='lat' dir='ltr'>cemuslin.</span> <span class='ocrx_word' id='word_1_174' title='bbox 444 2034 494 2098; x_wconf 90' lang='grc'>18.</span> <span class='ocrx_word' id='word_1_175' title='bbox 535 2083 538 2092; x_wconf 83' lang='grc'>,</span> 
     </span>
     <span class='ocr_line' id='line_1_22' title="bbox 324 2114 1343 2198; baseline -0.002 -22"><span class='ocrx_word' id='word_1_176' title='bbox 324 2117 422 2192; x_wconf 82' lang='grc' dir='ltr'><strong>Ρ.43,</strong></span> <span class='ocrx_word' id='word_1_177' title='bbox 434 2121 462 2180; x_wconf 83' lang='grc'>1.</span> <span class='ocrx_word' id='word_1_178' title='bbox 486 2114 731 2198; x_wconf 67' lang='lat' dir='ltr'>memoriaque</span> <span class='ocrx_word' id='word_1_179' title='bbox 741 2119 830 2196; x_wconf 78' lang='lat' dir='ltr'>agris</span> <span class='ocrx_word' id='word_1_180' title='bbox 845 2115 971 2197; x_wconf 69' lang='lat' dir='ltr'>meuses]</span> <span class='ocrx_word' id='word_1_181' title='bbox 992 2115 1086 2178; x_wconf 80' lang='lat' dir='ltr'>Addit</span> <span class='ocrx_word' id='word_1_182' title='bbox 1100 2118 1232 2178; x_wconf 82' lang='lat' dir='ltr'>Zonaras</span> <span class='ocrx_word' id='word_1_183' title='bbox 1250 2115 1343 2176; x_wconf 87' lang='lat' dir='ltr'>lusti-</span> 
     </span>
     <span class='ocr_line' id='line_1_23' title="bbox 237 2194 1342 2284; baseline -0.002 -22"><span class='ocrx_word' id='word_1_184' title='bbox 237 2219 315 2262; x_wconf 82' lang='lat' dir='ltr'>num</span> <span class='ocrx_word' id='word_1_185' title='bbox 334 2202 428 2262; x_wconf 81' lang='lat' dir='ltr'>fuisse</span> <span class='ocrx_word' id='word_1_186' title='bbox 450 2194 601 2282; x_wconf 72' lang='grc' dir='ltr'>βουκόλον</span> <span class='ocrx_word' id='word_1_187' title='bbox 618 2204 671 2266; x_wconf 79' lang='lat' dir='ltr'>sul</span> <span class='ocrx_word' id='word_1_188' title='bbox 688 2196 858 2284; x_wconf 75' lang='grc' dir='ltr'>συφορβόν,</span> <span class='ocrx_word' id='word_1_189' title='bbox 877 2206 1096 2262; x_wconf 68' lang='lat' dir='ltr'>munerarium</span> <span class='ocrx_word' id='word_1_190' title='bbox 1118 2212 1147 2261; x_wconf 84' lang='lat' dir='ltr'>et</span> <span class='ocrx_word' id='word_1_191' title='bbox 1168 2201 1342 2276; x_wconf 62' lang='lat' dir='ltr'>subulcam,</span> 
     </span>
     <span class='ocr_line' id='line_1_24' title="bbox 238 2285 1342 2368; baseline -0.001 -21"><span class='ocrx_word' id='word_1_192' title='bbox 238 2306 258 2347; x_wconf 88' lang='lat' dir='ltr'>a</span> <span class='ocrx_word' id='word_1_193' title='bbox 279 2305 340 2368; x_wconf 90' lang='lat' dir='ltr'>quo</span> <span class='ocrx_word' id='word_1_194' title='bbox 355 2288 543 2366; x_wconf 84' lang='lat' dir='ltr'>Pomponius</span> <span class='ocrx_word' id='word_1_195' title='bbox 557 2288 668 2348; x_wconf 77' lang='lat' dir='ltr'>Laenas</span> <span class='ocrx_word' id='word_1_196' title='bbox 687 2289 720 2348; x_wconf 86' lang='lat' dir='ltr'>in</span> <span class='ocrx_word' id='word_1_197' title='bbox 739 2289 865 2364; x_wconf 82' lang='lat' dir='ltr'>luatirro,</span> <span class='ocrx_word' id='word_1_198' title='bbox 884 2285 1021 2349; x_wconf 82' lang='lat' dir='ltr'>Andreas</span> <span class='ocrx_word' id='word_1_199' title='bbox 1034 2289 1169 2348; x_wconf 83' lang='lat' dir='ltr'>Alciatus</span> <span class='ocrx_word' id='word_1_200' title='bbox 1192 2285 1342 2368; x_wconf 79' lang='lat' dir='ltr'>disponet.</span> 
     </span>
     <span class='ocr_line' id='line_1_25' title="bbox 237 2371 1343 2455; baseline -0.002 -22"><span class='ocrx_word' id='word_1_201' title='bbox 237 2371 270 2438; x_wconf 78' lang='grc'>4-</span> <span class='ocrx_word' id='word_1_202' title='bbox 283 2391 309 2433; x_wconf 86' lang='lat' dir='ltr'>c.</span> <span class='ocrx_word' id='word_1_203' title='bbox 331 2377 404 2440; x_wconf 66' lang='lat' dir='ltr'>Yet</span> <span class='ocrx_word' id='word_1_204' title='bbox 424 2373 478 2432; x_wconf 82' lang='lat' dir='ltr'>ulii</span> <span class='ocrx_word' id='word_1_205' title='bbox 498 2385 688 2455; x_wconf 82' lang='lat' dir='ltr'>acceperuut.</span> <span class='ocrx_word' id='word_1_206' title='bbox 730 2371 815 2434; x_wconf 84' lang='lat' dir='ltr'>Nihil</span> <span class='ocrx_word' id='word_1_207' title='bbox 833 2373 941 2435; x_wconf 87' lang='lat' dir='ltr'>fuisset</span> <span class='ocrx_word' id='word_1_208' title='bbox 961 2376 1059 2454; x_wconf 88' lang='lat' dir='ltr'>magis</span> <span class='ocrx_word' id='word_1_209' title='bbox 1080 2373 1117 2432; x_wconf 89' lang='lat' dir='ltr'>ab</span> <span class='ocrx_word' id='word_1_210' title='bbox 1139 2393 1182 2448; x_wconf 87' lang='lat' dir='ltr'>rs,</span> <span class='ocrx_word' id='word_1_211' title='bbox 1204 2371 1343 2454; x_wconf 87' lang='lat' dir='ltr'>quamsi</span> 
     </span>
     <span class='ocr_line' id='line_1_26' title="bbox 237 2455 1344 2538; baseline 0 -22"><span class='ocrx_word' id='word_1_212' title='bbox 237 2458 389 2520; x_wconf 83' lang='lat' dir='ltr'>lustinum</span> <span class='ocrx_word' id='word_1_213' title='bbox 410 2458 558 2522; x_wconf 81' lang='lat' dir='ltr'>loconoa</span> <span class='ocrx_word' id='word_1_214' title='bbox 578 2457 690 2528; x_wconf 87' lang='lat' dir='ltr'>humili</span> <span class='ocrx_word' id='word_1_215' title='bbox 711 2459 822 2538; x_wconf 88' lang='lat' dir='ltr'>solum,</span> <span class='ocrx_word' id='word_1_216' title='bbox 843 2457 900 2520; x_wconf 87' lang='lat' dir='ltr'>sed</span> <span class='ocrx_word' id='word_1_217' title='bbox 919 2462 1011 2520; x_wconf 88' lang='lat' dir='ltr'>etiam</span> <span class='ocrx_word' id='word_1_218' title='bbox 1030 2456 1153 2520; x_wconf 91' lang='lat' dir='ltr'>sordido</span> <span class='ocrx_word' id='word_1_219' title='bbox 1171 2469 1277 2517; x_wconf 87' lang='lat' dir='ltr'>netum</span> <span class='ocrx_word' id='word_1_220' title='bbox 1293 2455 1344 2517; x_wconf 91' lang='lat' dir='ltr'>hic</span> 
     </span>
     <span class='ocr_line' id='line_1_27' title="bbox 238 2543 1393 2626; baseline 0 -24"><span class='ocrx_word' id='word_1_221' title='bbox 238 2543 373 2604; x_wconf 73' lang='lat' dir='ltr'>siluisset</span> <span class='ocrx_word' id='word_1_222' title='bbox 395 2545 572 2626; x_wconf 82' lang='lat' dir='ltr'>Procopius.</span> <span class='ocrx_word' id='word_1_223' title='bbox 613 2546 708 2608; x_wconf 81' lang='lat' dir='ltr'>Secus</span> <span class='ocrx_word' id='word_1_224' title='bbox 730 2547 799 2621; x_wconf 82' lang='lat' dir='ltr'>alil,</span> <span class='ocrx_word' id='word_1_225' title='bbox 820 2547 971 2606; x_wconf 77' lang='lat' dir='ltr'>Anicium</span> <span class='ocrx_word' id='word_1_226' title='bbox 989 2545 1143 2619; x_wconf 86' lang='lat' dir='ltr'>feceruut,</span> <span class='ocrx_word' id='word_1_227' title='bbox 1164 2564 1274 2624; x_wconf 88' lang='lat' dir='ltr'>nempe</span> <span class='ocrx_word' id='word_1_228' title='bbox 1295 2545 1345 2602; x_wconf 85' lang='lat' dir='ltr'>fe·</span> <span class='ocrx_word' id='word_1_229' title='bbox 1390 2547 1393 2557; x_wconf 87' lang='lat'>&#39;</span> 
     </span>
     <span class='ocr_line' id='line_1_28' title="bbox 148 2625 1346 2712; baseline -0.002 -24"><span class='ocrx_word' id='word_1_230' title='bbox 148 2635 174 2688; x_wconf 81' lang='grc' dir='ltr'><strong>Α</strong></span> <span class='ocrx_word' id='word_1_231' title='bbox 191 2630 356 2704; x_wconf 64' lang='grc' dir='ltr'>14αη11ἱαο,</span> <span class='ocrx_word' id='word_1_232' title='bbox 379 2625 586 2690; x_wconf 86' lang='lat' dir='ltr'>Romanorum</span> <span class='ocrx_word' id='word_1_233' title='bbox 606 2633 754 2706; x_wconf 80' lang='lat' dir='ltr'>omnium,</span> <span class='ocrx_word' id='word_1_234' title='bbox 775 2631 830 2712; x_wconf 91' lang='lat' dir='ltr'>qui</span> <span class='ocrx_word' id='word_1_235' title='bbox 849 2627 968 2691; x_wconf 81' lang='lat' dir='ltr'>Christo</span> <span class='ocrx_word' id='word_1_236' title='bbox 987 2632 1113 2690; x_wconf 81' lang='lat' dir='ltr'>nornine</span> <span class='ocrx_word' id='word_1_237' title='bbox 1134 2627 1287 2702; x_wconf 86' lang='lat' dir='ltr'>dederunt,</span> <span class='ocrx_word' id='word_1_238' title='bbox 1309 2639 1346 2687; x_wconf 87' lang='lat' dir='ltr'>ut</span> 
     </span>
     <span class='ocr_line' id='line_1_29' title="bbox 147 2701 1346 2797; baseline 0 -25"><span class='ocrx_word' id='word_1_239' title='bbox 147 2701 172 2758; x_wconf 75' lang='grc' dir='ltr'><strong>Ρ</strong></span> <span class='ocrx_word' id='word_1_240' title='bbox 189 2705 224 2760; x_wconf 83' lang='grc'>99</span> <span class='ocrx_word' id='word_1_241' title='bbox 232 2711 424 2782; x_wconf 51' lang='lat' dir='ltr'>,Prudentius</span> <span class='ocrx_word' id='word_1_242' title='bbox 445 2715 488 2774; x_wconf 89' lang='lat' dir='ltr'>ait</span> <span class='ocrx_word' id='word_1_243' title='bbox 505 2714 530 2774; x_wconf 88' lang='lat'>1.</span> <span class='ocrx_word' id='word_1_244' title='bbox 553 2721 573 2784; x_wconf 86' lang='lat'>1</span> <span class='ocrx_word' id='word_1_245' title='bbox 593 2725 696 2778; x_wconf 84' lang='lat' dir='ltr'>contra</span> <span class='ocrx_word' id='word_1_246' title='bbox 717 2711 954 2797; x_wconf 77' lang='lat' dir='ltr'>Symmachum,</span> <span class='ocrx_word' id='word_1_247' title='bbox 984 2717 1162 2797; x_wconf 86' lang='lat' dir='ltr'>antiquitate</span> <span class='ocrx_word' id='word_1_248' title='bbox 1183 2725 1213 2772; x_wconf 87' lang='lat' dir='ltr'>et</span> <span class='ocrx_word' id='word_1_249' title='bbox 1231 2713 1346 2773; x_wconf 87' lang='lat' dir='ltr'>nobili·</span> 
     </span>
     <span class='ocr_line' id='line_1_30' title="bbox 238 2799 1345 2884; baseline 0.001 -25"><span class='ocrx_word' id='word_1_250' title='bbox 238 2807 301 2859; x_wconf 90' lang='lat' dir='ltr'>tate</span> <span class='ocrx_word' id='word_1_251' title='bbox 321 2801 609 2880; x_wconf 74' lang='lat' dir='ltr'>praestantissimae.</span> <span class='ocrx_word' id='word_1_252' title='bbox 650 2803 763 2860; x_wconf 81' lang='lat' dir='ltr'>Parum</span> <span class='ocrx_word' id='word_1_253' title='bbox 782 2802 884 2878; x_wconf 83' lang='lat' dir='ltr'>refert,</span> <span class='ocrx_word' id='word_1_254' title='bbox 906 2799 989 2884; x_wconf 89' lang='lat' dir='ltr'>quod</span> <span class='ocrx_word' id='word_1_255' title='bbox 1008 2802 1041 2860; x_wconf 85' lang='lat' dir='ltr'>in</span> <span class='ocrx_word' id='word_1_256' title='bbox 1061 2801 1191 2882; x_wconf 87' lang='lat' dir='ltr'>antiquis</span> <span class='ocrx_word' id='word_1_257' title='bbox 1210 2799 1345 2860; x_wconf 86' lang='lat' dir='ltr'>nummis</span> 
     </span>
     <span class='ocr_line' id='line_1_31' title="bbox 213 2883 1344 2963; baseline 0 -19"><span class='ocrx_word' id='word_1_258' title='bbox 213 2885 289 2945; x_wconf 71' lang='lat' dir='ltr'>¹rel</span> <span class='ocrx_word' id='word_1_259' title='bbox 309 2883 459 2952; x_wconf 84' lang='lat' dir='ltr'>fastorum</span> <span class='ocrx_word' id='word_1_260' title='bbox 478 2885 630 2948; x_wconf 85' lang='lat' dir='ltr'>laterculis</span> <span class='ocrx_word' id='word_1_261' title='bbox 651 2888 795 2963; x_wconf 86' lang='lat' dir='ltr'>lustinus,</span> <span class='ocrx_word' id='word_1_262' title='bbox 816 2886 951 2948; x_wconf 73' lang='lat' dir='ltr'>Anicius</span> <span class='ocrx_word' id='word_1_263' title='bbox 969 2883 1135 2962; x_wconf 70' lang='lat' dir='ltr'>habeatur,</span> <span class='ocrx_word' id='word_1_264' title='bbox 1156 2904 1229 2946; x_wconf 85' lang='lat' dir='ltr'>uam</span> <span class='ocrx_word' id='word_1_265' title='bbox 1244 2885 1344 2960; x_wconf 90' lang='lat' dir='ltr'>illum,</span> 
     </span>
     <span class='ocr_line' id='line_1_32' title="bbox 236 2967 1345 3054; baseline 0.001 -24"><span class='ocrx_word' id='word_1_266' title='bbox 236 2981 273 3030; x_wconf 85' lang='lat' dir='ltr'>ut</span> <span class='ocrx_word' id='word_1_267' title='bbox 294 2989 336 3030; x_wconf 83' lang='lat' dir='ltr'>ex</span> <span class='ocrx_word' id='word_1_268' title='bbox 354 2971 454 3032; x_wconf 89' lang='lat' dir='ltr'>milite</span> <span class='ocrx_word' id='word_1_269' title='bbox 474 2973 612 3052; x_wconf 79' lang='lat' dir='ltr'>gregario</span> <span class='ocrx_word' id='word_1_270' title='bbox 633 2973 739 3053; x_wconf 87' lang='lat' dir='ltr'>palatii</span> <span class='ocrx_word' id='word_1_271' title='bbox 759 2991 865 3032; x_wconf 85' lang='lat' dir='ltr'>coram</span> <span class='ocrx_word' id='word_1_272' title='bbox 885 2973 1017 3054; x_wconf 86' lang='lat' dir='ltr'>accepit,</span> <span class='ocrx_word' id='word_1_273' title='bbox 1037 2981 1068 3031; x_wconf 91' lang='lat' dir='ltr'>et</span> <span class='ocrx_word' id='word_1_274' title='bbox 1087 2967 1345 3053; x_wconf 80' lang='lat' dir='ltr'>quemadmodum</span> 
     </span>
     <span class='ocr_line' id='line_1_33' title="bbox 237 3051 1343 3138; baseline 0 -22"><span class='ocrx_word' id='word_1_275' title='bbox 237 3051 421 3118; x_wconf 84' lang='lat' dir='ltr'>Theodorus</span> <span class='ocrx_word' id='word_1_276' title='bbox 442 3058 552 3128; x_wconf 80' lang='lat' dir='ltr'>Lector</span> <span class='ocrx_word' id='word_1_277' title='bbox 569 3059 622 3134; x_wconf 88' lang='lat' dir='ltr'>ait,</span> <span class='ocrx_word' id='word_1_278' title='bbox 643 3059 762 3138; x_wconf 89' lang='lat' dir='ltr'>patricii</span> <span class='ocrx_word' id='word_1_279' title='bbox 783 3055 931 3120; x_wconf 87' lang='lat' dir='ltr'>honorem</span> <span class='ocrx_word' id='word_1_280' title='bbox 952 3066 1147 3132; x_wconf 83' lang='lat' dir='ltr'>consecutus,</span> <span class='ocrx_word' id='word_1_281' title='bbox 1170 3067 1201 3116; x_wconf 92' lang='lat' dir='ltr'>et</span> <span class='ocrx_word' id='word_1_282' title='bbox 1221 3058 1255 3116; x_wconf 89' lang='lat' dir='ltr'>in</span> <span class='ocrx_word' id='word_1_283' title='bbox 1276 3057 1343 3116; x_wconf 88' lang='lat' dir='ltr'>albo</span> 
     </span>
     <span class='ocr_line' id='line_1_34' title="bbox 236 3141 1343 3222; baseline -0.003 -20"><span class='ocrx_word' id='word_1_284' title='bbox 236 3151 414 3202; x_wconf 87' lang='lat' dir='ltr'>senatorum</span> <span class='ocrx_word' id='word_1_285' title='bbox 434 3143 621 3222; x_wconf 87' lang='lat' dir='ltr'>conscriptus</span> <span class='ocrx_word' id='word_1_286' title='bbox 641 3144 710 3220; x_wconf 85' lang='lat' dir='ltr'>fuit,</span> <span class='ocrx_word' id='word_1_287' title='bbox 730 3163 802 3203; x_wconf 83' lang='lat' dir='ltr'>vero</span> <span class='ocrx_word' id='word_1_288' title='bbox 823 3145 924 3204; x_wconf 88' lang='lat' dir='ltr'>simile</span> <span class='ocrx_word' id='word_1_289' title='bbox 944 3154 991 3204; x_wconf 87' lang='lat' dir='ltr'>est</span> <span class='ocrx_word' id='word_1_290' title='bbox 1011 3143 1049 3202; x_wconf 90' lang='lat' dir='ltr'>ab</span> <span class='ocrx_word' id='word_1_291' title='bbox 1070 3143 1225 3202; x_wconf 84' lang='lat' dir='ltr'>Auioiauis</span> <span class='ocrx_word' id='word_1_292' title='bbox 1245 3144 1278 3200; x_wconf 91' lang='lat' dir='ltr'>iu</span> <span class='ocrx_word' id='word_1_293' title='bbox 1296 3141 1343 3200; x_wconf 84' lang='lat' dir='ltr'>fa-</span> 
     </span>
     <span class='ocr_line' id='line_1_35' title="bbox 235 3223 1341 3304; baseline 0 -20"><span class='ocrx_word' id='word_1_294' title='bbox 235 3224 357 3284; x_wconf 89' lang='lat' dir='ltr'>miliam</span> <span class='ocrx_word' id='word_1_295' title='bbox 376 3223 471 3293; x_wconf 73' lang='lat' dir='ltr'>fauisse</span> <span class='ocrx_word' id='word_1_296' title='bbox 492 3235 676 3304; x_wconf 83' lang='lat' dir='ltr'>cooptatum,</span> <span class='ocrx_word' id='word_1_297' title='bbox 697 3227 748 3286; x_wconf 84' lang='lat' dir='ltr'>rel</span> <span class='ocrx_word' id='word_1_298' title='bbox 766 3225 891 3288; x_wconf 88' lang='lat' dir='ltr'>tandem</span> <span class='ocrx_word' id='word_1_299' title='bbox 903 3229 962 3290; x_wconf 89' lang='lat' dir='ltr'>sibi</span> <span class='ocrx_word' id='word_1_300' title='bbox 976 3225 1010 3286; x_wconf 90' lang='lat' dir='ltr'>id</span> <span class='ocrx_word' id='word_1_301' title='bbox 1021 3228 1153 3288; x_wconf 86' lang='lat' dir='ltr'>nominis</span> <span class='ocrx_word' id='word_1_302' title='bbox 1171 3224 1341 3302; x_wconf 76' lang='lat' dir='ltr'>adscivisse,</span> 
     </span>
     <span class='ocr_line' id='line_1_36' title="bbox 238 3305 1341 3390; baseline 0.008 -24"><span class='ocrx_word' id='word_1_303' title='bbox 238 3325 309 3366; x_wconf 89' lang='lat' dir='ltr'>cum</span> <span class='ocrx_word' id='word_1_304' title='bbox 334 3305 499 3388; x_wconf 86' lang='lat' dir='ltr'>imperator</span> <span class='ocrx_word' id='word_1_305' title='bbox 523 3318 569 3368; x_wconf 88' lang='lat' dir='ltr'>est</span> <span class='ocrx_word' id='word_1_306' title='bbox 590 3311 782 3390; x_wconf 79' lang='lat' dir='ltr'>appellatus3</span> <span class='ocrx_word' id='word_1_307' title='bbox 813 3313 893 3372; x_wconf 90' lang='lat' dir='ltr'>sicut</span> <span class='ocrx_word' id='word_1_308' title='bbox 913 3315 1007 3372; x_wconf 86' lang='lat' dir='ltr'>etiam</span> <span class='ocrx_word' id='word_1_309' title='bbox 1026 3314 1061 3370; x_wconf 89' lang='lat' dir='ltr'>in</span> <span class='ocrx_word' id='word_1_310' title='bbox 1080 3310 1191 3374; x_wconf 90' lang='lat' dir='ltr'>iisdem</span> <span class='ocrx_word' id='word_1_311' title='bbox 1210 3313 1341 3374; x_wconf 75' lang='lat' dir='ltr'>nummis</span> 
     </span>
     <span class='ocr_line' id='line_1_37' title="bbox 236 3391 1343 3478; baseline 0.005 -27"><span class='ocrx_word' id='word_1_312' title='bbox 236 3391 386 3452; x_wconf 79' lang='lat' dir='ltr'>Flavium</span> <span class='ocrx_word' id='word_1_313' title='bbox 413 3411 448 3454; x_wconf 88' lang='lat' dir='ltr'>se</span> <span class='ocrx_word' id='word_1_314' title='bbox 465 3393 624 3472; x_wconf 65' lang='lat' dir='ltr'>inscribit,</span> <span class='ocrx_word' id='word_1_315' title='bbox 650 3405 682 3457; x_wconf 90' lang='lat' dir='ltr'>et</span> <span class='ocrx_word' id='word_1_316' title='bbox 702 3397 884 3478; x_wconf 78' lang='lat' dir='ltr'>Lupicinum</span> <span class='ocrx_word' id='word_1_317' title='bbox 905 3400 1066 3478; x_wconf 86' lang='lat' dir='ltr'>coniugem</span> <span class='ocrx_word' id='word_1_318' title='bbox 1093 3415 1136 3457; x_wconf 88' lang='lat' dir='ltr'>ex</span> <span class='ocrx_word' id='word_1_319' title='bbox 1160 3417 1248 3458; x_wconf 83' lang='lat' dir='ltr'>servs</span> <span class='ocrx_word' id='word_1_320' title='bbox 1268 3397 1343 3456; x_wconf 70' lang='lat' dir='ltr'>llo-</span> 
     </span>
     <span class='ocr_line' id='line_1_38' title="bbox 234 3477 1341 3564; baseline 0.004 -24"><span class='ocrx_word' id='word_1_321' title='bbox 234 3477 323 3540; x_wconf 49' lang='grc' dir='ltr'>Ἰνίιιτιι</span> <span class='ocrx_word' id='word_1_322' title='bbox 346 3489 513 3560; x_wconf 85' lang='lat' dir='ltr'>nuncupat.</span> <span class='ocrx_word' id='word_1_323' title='bbox 556 3477 644 3554; x_wconf 73' lang='lat' dir='ltr'>Quod</span> <span class='ocrx_word' id='word_1_324' title='bbox 668 3499 711 3542; x_wconf 83' lang='lat' dir='ltr'>ex</span> <span class='ocrx_word' id='word_1_325' title='bbox 737 3485 968 3564; x_wconf 83' lang='lat' dir='ltr'>imperatoribus</span> <span class='ocrx_word' id='word_1_326' title='bbox 989 3481 1165 3544; x_wconf 72' lang='lat' dir='ltr'>Christianis</span> <span class='ocrx_word' id='word_1_327' title='bbox 1191 3483 1341 3544; x_wconf 80' lang='lat' dir='ltr'>factitasse</span> 
     </span>
     <span class='ocr_line' id='line_1_39' title="bbox 122 3561 1475 3650; baseline 0.006 -29"><span class='ocrx_word' id='word_1_328' title='bbox 122 3576 126 3592; x_wconf 84' lang='lat'><em>·</em></span> <span class='ocrx_word' id='word_1_329' title='bbox 238 3561 485 3641; x_wconf 75' lang='lat' dir='ltr'>constantinum,</span> <span class='ocrx_word' id='word_1_330' title='bbox 507 3566 633 3648; x_wconf 74' lang='lat' dir='ltr'>eiusque</span> <span class='ocrx_word' id='word_1_331' title='bbox 652 3578 772 3650; x_wconf 81' lang='lat' dir='ltr'>patrem</span> <span class='ocrx_word' id='word_1_332' title='bbox 793 3571 1020 3645; x_wconf 78' lang='lat' dir='ltr'>Constantium,</span> <span class='ocrx_word' id='word_1_333' title='bbox 1042 3566 1152 3634; x_wconf 86' lang='lat' dir='ltr'>deiude</span> <span class='ocrx_word' id='word_1_334' title='bbox 1171 3569 1265 3646; x_wconf 81' lang='lat' dir='ltr'>elice,</span> <span class='ocrx_word' id='word_1_335' title='bbox 1285 3587 1343 3628; x_wconf 84' lang='lat' dir='ltr'>ao-</span> <span class='ocrx_word' id='word_1_336' title='bbox 1474 3599 1475 3612; x_wconf 30' lang='grc' dir='ltr'>π</span> 
     </span>
     <span class='ocr_line' id='line_1_40' title="bbox 237 3649 1342 3733; baseline -0.002 -19"><span class='ocrx_word' id='word_1_337' title='bbox 237 3657 307 3714; x_wconf 78' lang='lat' dir='ltr'>tum</span> <span class='ocrx_word' id='word_1_338' title='bbox 337 3659 393 3710; x_wconf 79' lang='lat' dir='ltr'>cst.</span> <span class='ocrx_word' id='word_1_339' title='bbox 435 3649 488 3710; x_wconf 82' lang='lat' dir='ltr'>Sic</span> <span class='ocrx_word' id='word_1_340' title='bbox 516 3651 610 3714; x_wconf 89' lang='lat' dir='ltr'>etiam</span> <span class='ocrx_word' id='word_1_341' title='bbox 639 3653 767 3733; x_wconf 89' lang='lat' dir='ltr'>accipias</span> <span class='ocrx_word' id='word_1_342' title='bbox 800 3653 903 3714; x_wconf 86' lang='lat' dir='ltr'>locam</span> <span class='ocrx_word' id='word_1_343' title='bbox 928 3651 1086 3715; x_wconf 87' lang='lat' dir='ltr'>lornaadis</span> <span class='ocrx_word' id='word_1_344' title='bbox 1116 3653 1172 3713; x_wconf 87' lang='lat' dir='ltr'>lib.</span> <span class='ocrx_word' id='word_1_345' title='bbox 1192 3673 1253 3714; x_wconf 86' lang='lat' dir='ltr'>rer.</span> <span class='ocrx_word' id='word_1_346' title='bbox 1275 3655 1342 3712; x_wconf 76' lang='lat' dir='ltr'>Get.</span> 
     </span>
     <span class='ocr_line' id='line_1_41' title="bbox 239 3735 1343 3811; baseline 0.005 -18"><span class='ocrx_word' id='word_1_347' title='bbox 239 3743 394 3811; x_wconf 78' lang='lat' dir='ltr'>extremo,</span> <span class='ocrx_word' id='word_1_348' title='bbox 421 3735 475 3796; x_wconf 91' lang='lat' dir='ltr'>uhi</span> <span class='ocrx_word' id='word_1_349' title='bbox 496 3737 682 3799; x_wconf 80' lang='lat' dir='ltr'>Germanum</span> <span class='ocrx_word' id='word_1_350' title='bbox 701 3739 859 3802; x_wconf 83' lang='lat' dir='ltr'>iustiniani</span> <span class='ocrx_word' id='word_1_351' title='bbox 880 3740 980 3800; x_wconf 86' lang='lat' dir='ltr'>fratris</span> <span class='ocrx_word' id='word_1_352' title='bbox 999 3739 1097 3802; x_wconf 85' lang='lat' dir='ltr'>filium</span> <span class='ocrx_word' id='word_1_353' title='bbox 1115 3739 1196 3798; x_wconf 85' lang='lat' dir='ltr'>iuter</span> <span class='ocrx_word' id='word_1_354' title='bbox 1215 3738 1343 3799; x_wconf 71' lang='grc' dir='ltr'>Αιιίσίοο</span> 
     </span>
     <span class='ocr_line' id='line_1_42' title="bbox 237 3818 1342 3886; baseline 0.006 -8"><span class='ocrx_word' id='word_1_355' title='bbox 237 3821 340 3882; x_wconf 85' lang='lat' dir='ltr'>refert.</span> <span class='ocrx_word' id='word_1_356' title='bbox 383 3818 447 3881; x_wconf 77' lang='lat' dir='ltr'>Sed</span> <span class='ocrx_word' id='word_1_357' title='bbox 467 3821 658 3884; x_wconf 88' lang='lat' dir='ltr'>emendenda</span> <span class='ocrx_word' id='word_1_358' title='bbox 676 3823 801 3886; x_wconf 88' lang='lat' dir='ltr'>omuino</span> <span class='ocrx_word' id='word_1_359' title='bbox 816 3835 862 3886; x_wconf 85' lang='lat' dir='ltr'>est</span> <span class='ocrx_word' id='word_1_360' title='bbox 876 3823 969 3886; x_wconf 89' lang='lat' dir='ltr'>editio</span> <span class='ocrx_word' id='word_1_361' title='bbox 983 3825 1162 3884; x_wconf 89' lang='lat' dir='ltr'>Parisieusis</span> <span class='ocrx_word' id='word_1_362' title='bbox 1176 3821 1342 3884; x_wconf 78' lang='lat' dir='ltr'>cuuodan·</span> 
     </span>
     <span class='ocr_line' id='line_1_43' title="bbox 238 3895 1343 3989; baseline 0 -21"><span class='ocrx_word' id='word_1_363' title='bbox 238 3903 317 3968; x_wconf 83' lang='lat' dir='ltr'>l·8·</span> <span class='ocrx_word' id='word_1_364' title='bbox 338 3907 408 3968; x_wconf 79' lang='lat' dir='ltr'>Ver.</span> <span class='ocrx_word' id='word_1_365' title='bbox 431 3895 519 3986; x_wconf 69' lang='lat' dir='ltr'>epist.</span> <span class='ocrx_word' id='word_1_366' title='bbox 540 3911 652 3989; x_wconf 64' lang='lat' dir='ltr'>prima·</span> <span class='ocrx_word' id='word_1_367' title='bbox 694 3910 771 3970; x_wconf 83' lang='lat' dir='ltr'>Non</span> <span class='ocrx_word' id='word_1_368' title='bbox 798 3931 854 3970; x_wconf 80' lang='lat' dir='ltr'>voe</span> <span class='ocrx_word' id='word_1_369' title='bbox 880 3915 1033 3970; x_wconf 82' lang='lat' dir='ltr'>maiorum</span> <span class='ocrx_word' id='word_1_370' title='bbox 1051 3919 1249 3988; x_wconf 80' lang='lat' dir='ltr'>purpuratus</span> <span class='ocrx_word' id='word_1_371' title='bbox 1275 3919 1343 3968; x_wconf 60' lang='lat' dir='ltr'>tarn</span> 
     </span>
     <span class='ocr_line' id='line_1_44' title="bbox 239 3987 1342 4076; baseline 0.005 -30"><span class='ocrx_word' id='word_1_372' title='bbox 239 3996 306 4046; x_wconf 74' lang='lat' dir='ltr'>tran</span> <span class='ocrx_word' id='word_1_373' title='bbox 325 3987 402 4050; x_wconf 87' lang='lat' dir='ltr'>crdo</span> <span class='ocrx_word' id='word_1_374' title='bbox 424 3991 589 4071; x_wconf 74' lang='lat' dir='ltr'>clarificat,</span> <span class='ocrx_word' id='word_1_375' title='bbox 611 4005 668 4052; x_wconf 80' lang='lat' dir='ltr'>ete.</span> <span class='ocrx_word' id='word_1_376' title='bbox 693 4005 847 4074; x_wconf 71' lang='lat' dir='ltr'>quaestum</span> <span class='ocrx_word' id='word_1_377' title='bbox 866 3995 955 4076; x_wconf 79' lang='lat' dir='ltr'>longe</span> <span class='ocrx_word' id='word_1_378' title='bbox 974 3994 1096 4074; x_wconf 78' lang='lat' dir='ltr'>lateque</span> <span class='ocrx_word' id='word_1_379' title='bbox 1110 4004 1221 4073; x_wconf 82' lang='lat' dir='ltr'>peterse</span> <span class='ocrx_word' id='word_1_380' title='bbox 1232 3994 1342 4074; x_wconf 56' lang='lat' dir='ltr'>potia</span> 
     </span>
     <span class='ocr_line' id='line_1_45' title="bbox 239 4073 1342 4159; baseline 0.005 -27"><span class='ocrx_word' id='word_1_381' title='bbox 239 4082 344 4136; x_wconf 77' lang='lat' dir='ltr'>vestm</span> <span class='ocrx_word' id='word_1_382' title='bbox 361 4073 515 4141; x_wconf 74' lang='lat' dir='ltr'>nobilitat.</span> <span class='ocrx_word' id='word_1_383' title='bbox 558 4079 653 4156; x_wconf 76' lang='lat' dir='ltr'>Lego,</span> <span class='ocrx_word' id='word_1_384' title='bbox 673 4097 736 4146; x_wconf 74' lang='lat' dir='ltr'>nou</span> <span class='ocrx_word' id='word_1_385' title='bbox 756 4100 824 4154; x_wconf 81' lang='lat' dir='ltr'>nos,</span> <span class='ocrx_word' id='word_1_386' title='bbox 843 4096 917 4140; x_wconf 89' lang='lat' dir='ltr'>nam</span> <span class='ocrx_word' id='word_1_387' title='bbox 934 4075 1102 4154; x_wconf 69' lang='lat' dir='ltr'>Athaleryici</span> <span class='ocrx_word' id='word_1_388' title='bbox 1122 4091 1209 4159; x_wconf 89' lang='lat' dir='ltr'>pater</span> <span class='ocrx_word' id='word_1_389' title='bbox 1226 4077 1342 4140; x_wconf 77' lang='lat' dir='ltr'>liutha-</span> 
     </span>
     <span class='ocr_line' id='line_1_46' title="bbox 239 4157 1341 4242; baseline 0.007 -26"><span class='ocrx_word' id='word_1_390' title='bbox 239 4157 319 4218; x_wconf 87' lang='lat' dir='ltr'>ricus</span> <span class='ocrx_word' id='word_1_391' title='bbox 346 4161 537 4222; x_wconf 85' lang='lat' dir='ltr'>ocusulatum</span> <span class='ocrx_word' id='word_1_392' title='bbox 565 4161 660 4242; x_wconf 80' lang='lat' dir='ltr'>gessit</span> <span class='ocrx_word' id='word_1_393' title='bbox 680 4181 752 4224; x_wconf 86' lang='lat' dir='ltr'>cum</span> <span class='ocrx_word' id='word_1_394' title='bbox 770 4165 903 4240; x_wconf 85' lang='lat' dir='ltr'>Iustino,</span> <span class='ocrx_word' id='word_1_395' title='bbox 931 4161 1141 4238; x_wconf 79' lang='lat' dir='ltr'>Theodericus</span> <span class='ocrx_word' id='word_1_396' title='bbox 1161 4167 1246 4226; x_wconf 77' lang='lat' dir='ltr'>Avus</span> <span class='ocrx_word' id='word_1_397' title='bbox 1274 4181 1341 4224; x_wconf 85' lang='lat' dir='ltr'>cum</span> 
     </span>
     <span class='ocr_line' id='line_1_47' title="bbox 240 4244 1340 4333; baseline 0.005 -29"><span class='ocrx_word' id='word_1_398' title='bbox 240 4244 404 4322; x_wconf 86' lang='lat' dir='ltr'>Veuaatic,</span> <span class='ocrx_word' id='word_1_399' title='bbox 426 4244 650 4313; x_wconf 81' lang='lat' dir='ltr'>Theodemiros</span> <span class='ocrx_word' id='word_1_400' title='bbox 670 4269 800 4330; x_wconf 81' lang='lat' dir='ltr'>proavus</span> <span class='ocrx_word' id='word_1_401' title='bbox 823 4260 854 4310; x_wconf 89' lang='lat' dir='ltr'>st</span> <span class='ocrx_word' id='word_1_402' title='bbox 873 4268 947 4312; x_wconf 83' lang='lat' dir='ltr'>aras</span> <span class='ocrx_word' id='word_1_403' title='bbox 967 4251 1033 4333; x_wconf 81' lang='lat' dir='ltr'>ipse</span> <span class='ocrx_word' id='word_1_404' title='bbox 1054 4247 1236 4314; x_wconf 75' lang='lat' dir='ltr'>fionhcrum</span> <span class='ocrx_word' id='word_1_405' title='bbox 1257 4267 1340 4330; x_wconf 84' lang='lat' dir='ltr'>reges</span> 
     </span>
    </p>
   </div>
   <div class='ocr_carea' id='block_1_4' title="bbox 0 0 1500 4821">
    <p class='ocr_par' dir='ltr' id='par_1_4' title="bbox 0 0 1500 4821">
     <span class='ocr_line' id='line_1_48' title="bbox 0 0 1500 4821; baseline 0 0"><span class='ocrx_word' id='word_1_406' title='bbox 0 0 1500 4821; x_wconf 95' lang='lat' dir='ltr'> </span> 
     </span>
    </p>
   </div>
  </div>
 </body>
</html>
