3014 4826
466 319 670 388 ALEMANNI
690 316 911 388 PRAEFATIO.
1156 321 1242 394 'xxv

139 495 187 560 rao
201 491 287 560 rma
309 471 472 581 asopus
490 511 564 580 psa
585 491 677 558 susm
693 491 859 558 seueros
881 491 1092 580 depassus,
1117 503 1146 560 u
1166 493 1241 558 rsa-

136 596 268 674 natioue,
292 595 428 662 velmetu
450 597 583 660 memoria
603 596 738 660 turbatum
755 595 898 661 ¹intordmu
924 619 1071 684 agnoscas.
1114 595 1239 671 Accedit,

139 701 215 784 quod
236 711 328 762 anuum
349 697 496 786 seeundum
517 691 545 762 ct
564 693 736 784 trigesimum
757 699 926 785 principatus
954 697 1093 762 lastiniani
1121 698 1242 762 naratio

139 799 214 882 lraee
232 823 285 864 uon
307 800 431 877 excedit,
453 784 510 864 ¹ille
530 821 601 864 vcro
629 800 868 888 quadragesimum
891 799 992 889 attigit.
1035 799 1162 886 Denique
1182 797 1240 875 illa,

139 908 208 970 llas
229 902 286 990 pdp
308 905 338 981 ἐς
363 897 503 988 adorior?
529 898 670 986 Θεοδόρα
693 899 865 988 ἤγριαίνετο
886 905 938 970 καὶ
962 902 1111 986 descripsi:
1133 913 1161 966 et
1182 901 1240 981 ulla,

137 1002 237 1092 μήτηρ
254 1009 456 1081 discissurus
471 1005 508 1070 ’ἐν
520 1005 636 1094 dopa'tp
650 1007 912 1090 πεπορνευμένων,
922 1006 1105 1070 narrationum
1120 1005 1237 1090 particu-
1255 1012 1280 1066 A
1298 1009 1332 1066 1⁵

136 1107 184 1172 lac
197 1121 343 1196 suot-quas
357 1107 424 1200 olim
437 1107 584 1172 Srddianus
594 1107 692 1174 Codex
707 1108 839 1188 habebat,
855 1108 902 1173 hic
910 1109 1060 1176 Vaticanus
1073 1128 1130 1190 non
1145 1107 1241 1173 habet.

221 1245 266 1309 Ilo
285 1243 365 1310 huius
378 1265 462 1331 porro
485 1242 551 1308 libri
570 1243 685 1321 ordine,
712 1245 803 1333 deque
822 1257 948 1332 tompore
969 1267 1023 1331 quo
1044 1245 1158 1332 scriptus
1188 1257 1239 1324 est,

136 1339 178 1412 sic
193 1347 307 1412 habeto.
350 1346 480 1434 Reliquos
494 1359 557 1412 octo
571 1345 704 1426 historiae
715 1347 802 1424 libros
817 1347 876 1435 ipsc
898 1349 994 1414 vivens
1008 1347 1158 1432 Procopius
1173 1345 1239 1410 emi·

139 1447 189 1524 sit,
217 1471 252 1513 ac
265 1449 411 1514 lustiniuuo
427 1449 564 1538 legendos
586 1447 712 1514 tradidit:
739 1450 821 1516 immo
842 1463 949 1538 septum
964 1447 1003 1512 illi
1020 1449 1113 1536 primi,
1140 1469 1241 1534 nempe

139 1550 193 1614 duo
217 1551 254 1614 da
275 1551 388 1616 Persico
413 1551 506 1628 bello,
532 1551 568 1616 de
583 1551 736 1616 Vandalico
751 1553 879 1629 totidem,
909 1575 944 1616 ae
966 1565 1023 1617 tres
1048 1549 1238 1626 doGotthico,
1316 1629 1320 1638 ,

136 1663 165 1714 ut
188 1651 304 1744 ipsemet
320 1653 451 1732 affirmat,
478 1653 541 1739 ἤδη
565 1645 767 1737 ἐξενεχθένιες
788 1641 960 1736 πανταχόθι
988 1651 1155 1734 δεδήλωνιο
1183 1639 1241 1733 τῆξ
1354 1711 1364 1724 ,

135 1752 288 1836 Ῥωμαίων
309 1753 413 1840 α’ρχῆς,
434 1763 489 1818 iura
509 1760 633 1836 evulgati
656 1761 687 1818 in
703 1763 826 1817 noiomo
848 1758 1029 1818 Romamn
1046 1757 1160 1836 Impcn'o
1182 1757 1241 1814 nott‘

134 1865 223 1919 munt.
265 1857 357 1936 Quoto
367 1879 437 1920 uero
458 1856 573 1946 quisque
587 1879 659 1922 anuo
675 1857 764 1922 editus
781 1857 878 1936 luerit,
909 1870 1013 1922 certmn
1028 1877 1085 1921 nou
1100 1869 1156 1932 cst;
1187 1853 1242 1920 duo

135 1957 210 2021 haec
238 1969 339 2022 tantum
363 1957 458 2023 habeo
484 1961 638 2046 explorata.
680 1962 755 2026 Ante
779 1961 883 2026 obitum
909 1961 1094 2036 Theodorus,
1131 1956 1160 2020 id
1186 1968 1236 2032 est,

136 2071 199 2123 aute
214 2081 312 2127 auum
328 2061 475 2126 secuudum
490 2073 517 2124 et
531 2057 694 2146 vigesimum
707 2051 860 2140 iustiniani,
877 2063 1007 2138 Persica,
1030 2059 1239 2144 Vandalicaquo

136 2160 230 2238 bolla,
261 2173 289 2226 ot
302 2161 404 2225 bonam
419 2159 609 2228 Gotthicorum
629 2177 737 2250 partem
749 2165 913 2252 Procopium
931 2155 1098 2236 absolvisse;
1127 2182 1190 2224 nam
1211 2160 1240 2256 iu

30 2267 31 2270 ’
136 2263 170 2326 iis
192 2263 410 2329 Amalasunthao
433 2275 548 2328 structas
574 2263 686 2332 iusidias
711 2291 729 2332 a
749 2267 917 2346 Theodora,
942 2266 979 2330 ob
1005 2265 1065 2330 eius
1077 2277 1178 2329 metum
1200 2277 1241 2328 ta·

136 2366 239 2441 coisse,
266 2365 367 2432 iudicat
381 2365 476 2452 inlroc
498 2369 703 2436 commentario.
747 2369 915 2446 Praeterea,
948 2379 1055 2454 septem
1077 2355 1239 2452 priores'li·
1316 2423 1320 2428 .

136 2467 202 2532 loros
229 2479 293 2531 aute
314 2492 412 2534 anuum
432 2471 572 2534 Iustiniani
601 2483 706 2534 sextum
724 2483 752 2536 ct
774 2470 940 2558 vigesimum
966 2469 1123 2560 divulgatos
1145 2467 1240 2534 luisse.

135 2568 221 2655 idque
255 2569 343 2634 Autor
368 2586 503 2652 memorat
533 2572 610 2636 initio
640 2573 704 2664 libri
738 2574 843 2650 odori,
885 2594 966 2660 quom
1002 2595 1074 2637 anno
1101 2569 1241 2636 Iustiniani

136 2673 254 2756 septimo
270 2683 298 2734 et
313 2672 452 2762 vigesimo
476 2675 718 2741 commentabatur.
764 2675 912 2742 Caeterum
933 2687 1046 2740 octavus
1070 2673 1118 2736 ille
1140 2694 1241 2758 perpa-

134 2795 194 2836 rum
210 2771 363 2838 inscribitur
378 2775 505 2842 debello
520 2777 670 2843 Gottlrico:
701 2778 890 2864 complectitur
913 2777 985 2842 cuim
1000 2796 1072 2860 quaa
1094 2797 1155 2839 cum
1175 2774 1242 2838 Per·

134 2873 189 2949 sis,
219 2873 369 2952 Vandalis,
396 2889 424 2941 et
450 2879 577 2956 Gotthis,
608 2890 671 2964 post
698 2879 773 2942 edita
800 2881 896 2966 priora
919 2877 1073 2954 solumina,
1110 2876 1241 2944 Romanis

134 2973 331 3059 contigissent;
360 2998 432 3060 quae
458 2979 532 3062 quod
561 2975 715 3062 γράμμασι
738 2989 802 3054 τοῖς
825 2981 855 3054 ἐς
882 2979 916 3042 τό
938 2986 1001 3041 πᾶν
1024 2977 1242 3058 δεδηλωμένοις

134 3073 239 3144 odedu
260 3071 342 3157 εἶχον
368 3073 406 3138 cd
429 3077 626 3161 ἐπιγενόμενα
648 3075 838 3162 ἐναρμόζειν,
864 3082 1033 3140 mmuraeuts'a
1059 3082 1115 3140 ιἀιιι
1138 3084 1241 3140 maino

98 3240 107 3260 .
134 3185 164 3242 s'u
175 3179 312 3260 pullicum
338 3177 412 3240 datis
431 3183 542 3258 addere,
567 3181 643 3242 duod
663 3185 778 3262 emption
793 3182 951 3243 αιιιιιιοόααι
972 3201 1025 3242 cors
1045 3179 1152 3254 videret
1172 3180 1237 3244 Pro-

134 3281 246 3366 copius,
272 3279 300 3342 in
325 3289 450 3344 octavum
475 3281 524 3348 ills
543 3281 635 3345 omnia
658 3279 756 3346 librum
778 3279 912 3358 coniecit,
941 3279 987 3367 qui
1012 3283 1049 3346 ob
1072 3281 1100 3346 id
1124 3280 1239 3345 historia

136 3383 271 3468 quaedam
287 3375 468 3464 σόμμικτος,
492 3387 628 3464 miscello,
649 3385 696 3458 sol
718 3397 746 3450 ut
768 3385 829 3471 ipse
851 3382 1066 3474 aiturcocullrp,
1089 3393 1169 3450 corta
1189 3394 1238 3446 eat.
1333 3443 1338 3456 ,

135 3483 188 3548 llic
201 3481 274 3547 liber
297 3483 386 3546 editus
406 3485 507 3549 eodcrn
523 3473 661 3572 lere'quo
684 3487 799 3572 scriptus
819 3497 861 3550 est
882 3479 969 3562 auno',
996 3485 1113 3571 septimo
1133 3485 1276 3555 sciliceta
1293 3499 1361 3556 XIX

137 3597 165 3648 et
179 3584 318 3674 vigesimo
337 3585 487 3650 Iustiniani.
531 3586 597 3652 Post
626 3587 699 3652 huuc
718 3587 873 3652 uniuersam
897 3585 1038 3650 historiam
1057 3587 1123 3650 licet
1147 3587 1239 3654 auimo

116 3675 286 3771 'Procopius
303 3685 444 3751 moliretur
467 3685 636 3766 Ἇνέκδοτα,
657 3702 685 3754 ut
699 3689 791 3752 ultimo
814 3689 885 3753 libro
908 3689 1048 3752 declarat:
1078 3701 1169 3752 tamen
1190 3691 1239 3754 alr·

136 3787 242 3864 stiuuit,
272 3786 354 3872 idque
371 3790 465 3876 operis
478 3792 575 3856 roiccit
596 3791 624 3856 in
639 3813 738 3854 aunum
753 3791 899 3856 secuudum
923 3802 951 3854 et
973 3789 1143 3878 trigesimum
1162 3793 1239 3858 lusti-

136 3889 228 3964 uiaoi,
259 3891 331 3974 quod
346 3890 393 3955 hic
412 3894 523 3981 saepius
537 3893 651 3981 repetit,
681 3893 922 3980 eodemqueanno
938 3891 1072 3969 absolvit,
1101 3907 1240 3982 totumquo

137 3993 324 4082 septennium,
346 3991 448 4072 idest,
471 3995 509 4059 ad
528 3995 839 4080 obiturolmperatoris,
870 4017 905 4059 ac
927 3994 1025 4060 diutius
1045 3995 1180 4076 abditum,
1199 4011 1239 4063 at·
1306 4023 1309 4030 ·

138 4095 493 4186 quoraoonditum'habuit.
537 4095 582 4164 Ex
595 4095 640 4160 iris
655 4096 781 4186 corrigas
796 4097 928 4174 aliorum,
957 4109 985 4160 ot
1005 4097 1158 4186 Nicephori
1177 4123 1239 4186 pcr-
1330 4165 1334 4172 ,

139 4222 248 4265 venam
267 4196 397 4282 Procopii
414 4197 546 4262 librorum
567 4197 755 4283 partitionem
784 4197 821 4274 de
845 4199 942 4286 quibus
963 4197 1054 4266 Photii
1077 4202 1238 4268 senteutiam
1358 4265 1360 4270 .

140 4315 221 4392 atquo
234 4319 379 4366 censuum
393 4297 611 4366 iuuibtiohsss
627 4299 823 4369 desideramus.
1317 4307 1321 4314 '
