2960 4824
234 216 310 292 tro
443 249 449 258 ‹
508 261 511 267 ,
581 219 626 286 nr
652 219 762 288 mss.
787 200 984 288 mosum

233 361 452 468 Hierosolymis
473 383 532 450 lt
554 393 585 444 et
609 381 647 444 de
669 385 737 446 aliia
760 385 843 452 alibi.
885 385 966 465 Ergo
986 382 1188 444 lastinianum
1208 393 1254 443 tot
1279 379 1369 443 dis-

233 473 354 554 ciplinis
389 481 528 532 ornatum
560 475 669 532 merito
697 469 915 532 Theodahatus
949 489 1005 528 rex
1033 467 1214 530 Gottlrorum
1248 469 1367 529 modo

231 560 497 638 sapientissimum
517 558 738 638 imperatorem,
758 555 848 616 modo
865 559 1038 636 principem
1056 553 1180 616 doctum
1201 556 1366 634 appella-

235 647 280 724 vit
301 641 382 724 apud
403 639 614 702 cassiodorum
633 643 657 702 l.
679 645 727 708 10.
749 645 818 704 Ver.
841 643 968 722 epist.‚9
990 651 1021 700 et
1041 643 1093 705 22.
1136 641 1177 699 ttt
1193 638 1364 719 Agathiu

234 733 268 788 in
300 731 455 810 prooemio
489 747 562 786 suae
597 729 781 788 collectionis
819 730 1088 808 epigrammatum,
1126 718 1203 788 itti
1234 725 1366 802 ’σοφοῦ

204 835 208 846 ·
235 813 409 879 activorum
430 807 583 894 ὁμιλήσεις
607 815 760 896 βασιλῆος.
801 814 843 872 Et
861 815 894 872 in
914 813 1118 872 vetustissimo
1137 813 1364 891 manuscripto

236 897 303 959 ood.
327 899 393 959 Vat.
415 895 499 961 1842
525 899 597 976 legi.
629 900 749 978 Quinto
775 907 886 958 canoto
906 894 1364 978 synodroe'Corrstontr'nopoli-

236 997 313 1044 tono
334 983 518 1064 temporibus
535 983 703 1044 Iustiniani
728 1001 914 1044 nocrrssrrrr
939 984 1145 1064 imperatorio.
1186 982 1364 1042 Genuincs

235 1071 396 1130 Iustiniani
416 1069 508 1128 libros
528 1071 619 1148 paulo
640 1079 710 1128 ante
730 1071 964 1146 nmneravimus,
986 1079 1021 1126 ut
1039 1070 1155 1148 spurios
1171 1069 1363 1128 reiiciamus

115 1199 117 1202 -
235 1151 288 1213 hio
308 1155 392 1214 locus
411 1155 562 1234 postulare
583 1153 711 1214 ridetur.
753 1157 790 1214 lu
811 1157 893 1214 calce
914 1153 1047 1213 chronici
1068 1153 1254 1213 (laminensis
1285 1157 1361 1212 oir-

236 1241 445 1315 cumferuntur
470 1243 593 1299 uonrine
621 1241 779 1300 iustiniani
807 1251 927 1316 notatae
957 1239 1101 1320 epistolae
1128 1237 1167 1297 ad
1194 1239 1358 1317 vigilium

235 1345 358 1407 papam,
379 1323 419 1383 ad
439 1323 599 1395 Placidum
619 1336 794 1407 martyrem,
817 1337 847 1385 et
867 1325 1061 1406 privilegium
1077 1325 1251 1383 Cassiuensi
1264 1325 1357 1384 Coe-

235 1412 327 1470 uobio
356 1429 548 1484 concessum
576 1421 731 1490 praeterea
748 1408 927 1471 Theodorae
955 1409 995 1470 ad
1021 1407 1152 1468 eundem
1171 1408 1356 1486 Placidum,

237 1507 268 1556 et
289 1497 392 1576 Vigilii
414 1494 453 1554 ad
471 1498 683 1572 lastinianum,
706 1507 737 1555 et
757 1499 878 1578 siquae
901 1497 978 1554 aliae
998 1496 1042 1554 ibi
1064 1505 1134 1554 sunt
1150 1493 1356 1578 Pseudogor-

237 1579 321 1642 diani
348 1583 487 1658 litterae,
516 1583 568 1664 qui
588 1583 748 1644 Iustiniani
776 1584 860 1642 iussu
888 1583 984 1640 sancti
1004 1580 1121 1639 Placidi
1149 1583 1245 1638 vitam
1267 1585 1356 1640 scri-

236 1671 334 1748 psisse
363 1687 395 1727 se
424 1669 579 1726 mentitur.
627 1671 657 1727 Is
684 1687 756 1746 ergo
782 1667 956 1727 Termllum
982 1667 1142 1746 patricium
1172 1669 1354 1727 Romanum

236 1755 398 1812 Iustiniani
418 1749 630 1834 exodebobum,
652 1761 683 1810 et
702 1749 882 1814 Theodorus
897 1763 1071 1833 cognatum,
1092 1749 1252 1810 Placidum
1272 1773 1355 1812 vero

236 1842 396 1920 utriusque
417 1849 552 1920 nepotem
571 1847 668 1898 vocat.
709 1837 790 1911 Quid
810 1840 948 1898 Tertullo
972 1857 1041 1896 cum
1061 1839 1226 1898 lastiniano
1243 1837 1353 1896 Bede-

168 1975 170 1980 .
237 1925 323 1984 rinae
343 1935 415 1983 nato
436 1925 544 1983 lustini
565 1923 712 2002 agricolae
733 1922 872 2008 nepote'l
897 1921 976 1997 Quid
996 1943 1066 2004 curn
1087 1920 1249 1981 Theodora
1275 1943 1353 1982 ιιιο-

237 2011 380 2068 retricula
400 2011 519 2071 scenica
536 2011 639 2068 Aoecii
655 2011 769 2068 Ursarii
787 2006 875 2068 filiai
903 2013 999 2082 Quam
1018 2009 1145 2088 prolem,
1168 2027 1245 2088 quos
1265 2007 1352 2068 libe-

237 2113 287 2154 ros
308 2115 378 2154 auos
398 2095 582 2154 lastinianus
603 2113 639 2153 ac
651 2091 813 2154 Theodora
834 2092 1002 2154 identidem
1022 2103 1268 2169 commemorant,
1292 2097 1352 2175 qui

238 2181 335 2239 sancti
356 2179 455 2238 Sabae
482 2179 621 2258 precibus
647 2199 688 2238 ne
714 2181 881 2240 volonum
901 2179 1037 2238 obtinere
1057 2179 1116 2238 sibi
1141 2199 1352 2240 successorem

133 2265 360 2344 ,Vitiinrperii
380 2260 566 2342 potuemnti
596 2265 655 2338 Qui
681 2273 781 2345 potest
800 2265 929 2344 vigilius
956 2274 988 2324 et
1010 2265 1134 2344 quintae
1158 2262 1268 2345 synodi
1287 2285 1352 2345 pa-

238 2359 300 2408 tres
321 2350 415 2408 vitam
433 2346 612 2410 Theodorae
632 2351 757 2431 precari,
779 2369 857 2432 quae
878 2352 975 2410 vitam
996 2369 1066 2409 cum
1085 2359 1183 2409 morte
1204 2352 1351 2431 quintum

238 2437 303 2503 iam
324 2454 440 2494 annum
460 2447 529 2494 ante
551 2455 620 2495 eam
640 2435 792 2518 synodum
814 2433 1039 2497 commutarat?
1061 2433 1155 2496 Sedet
1175 2447 1279 2496 autem
1291 2439 1353 2498 Vr·

239 2521 331 2602 gilius
355 2524 388 2580 in
412 2542 448 2581 eo
470 2522 613 2598 concilio,
634 2520 675 2580 ad
696 2521 778 2602 qnod
798 2543 855 2581 nec
876 2532 982 2604 sponte
1003 2523 1146 2596 accessit,
1175 2531 1206 2580 et
1226 2531 1352 2601 rogatus

237 2617 400 2667 venturum
427 2625 460 2666 se
486 2603 632 2685 negavit't
662 2609 713 2664 Ex
739 2606 916 2685 patriarchis
937 2627 1015 2668 unus
1036 2609 1070 2665 in
1097 2605 1204 2666 eudem
1232 2605 1351 2686 synodo

150 2701 173 2752 Α
189 2697 225 2755 89
243 2691 341 2752 defuit
353 2687 535 2752 Eustochiae
549 2691 859 2770 Hierosolymitanus3
875 2691 1159 2771 Pseudogordianus
1173 2693 1253 2752 male
1271 2711 1351 2752 can-

239 2787 290 2838 tus
313 2799 384 2836 curn
405 2777 528 2858 reliquie
548 2775 684 2856 patribus
705 2795 777 2834 eum
796 2785 945 2852 numerat,
969 2779 1123 2838 Domuum
1146 2795 1218 2838 vero
1237 2779 1350 2838 Antio-

226 2862 382 2939 ¹chenum,
405 2865 459 2944 qui
480 2862 642 2923 conventui
659 2863 812 2939 intererat,
834 2860 981 2923 excludit.
1022 2865 1076 2922 Ait
1096 2863 1236 2943 epistolas
1255 2866 1350 2923 Insti-

238 2951 325 3008 niani
352 2961 382 3009 et
402 2947 583 3008 Theodorus
613 2945 654 3008 ad
680 2945 839 3008 Placidum
864 2951 898 3007 in
925 2949 1062 3010 Siciliam
1088 2967 1144 3028 per
1165 2949 1349 3008 belisarium

239 3037 349 3096 missas
370 3037 465 3094 subse
488 3054 566 3096 anno
594 3035 715 3116 imperii
739 3033 937 3111 duodecimo,
966 3045 1033 3094 tum
1059 3035 1174 3093 scilicet
1196 3054 1266 3094 omn
1285 3037 1348 3094 lte-

239 3121 360 3180 lisarius
382 3123 497 3179 Romae
519 3121 663 3200 alitige,
685 3117 866 3202 Gotthisquo
887 3119 953 3179 dira
973 3117 1130 3182 obsidione
1143 3121 1347 3200 premebatur.

239 3203 322 3274 Quid
343 3203 381 3260 de
403 3205 483 3259 notis
505 3207 675 3279 consulum,
697 3201 771 3285 quid
793 3205 831 3264 de
852 3207 926 3285 ipsis
947 3205 1120 3264 consulibus
1143 3203 1253 3282 dimin,
1276 3207 1349 3287 qui-

239 3288 299 3345 bus
321 3305 374 3344 eae
395 3285 513 3345 litterae
535 3289 725 3366 consignatae
746 3285 919 3350 habentur‘l
947 3291 983 3348 ln
1004 3288 1053 3350 his
1072 3287 1151 3349 nihil
1167 3293 1277 3370 integri
1295 3293 1348 3352 rel

239 3372 309 3432 sani
337 3381 392 3432 est.
435 3371 635 3452 Pririlegium
662 3375 889 3436 cassinensibus
918 3372 1075 3436 monacbis
1103 3373 1208 3435 datum
1237 3375 1347 3438 iisdem

239 3457 304 3516 illis
319 3457 595 3538 subscriptionibus
625 3458 815 3540 exploditur,
845 3461 955 3542 quibus
978 3463 1131 3520 munitum
1151 3459 1232 3520 illud
1250 3465 1347 3522 voluit

239 3541 535 3623 Pseudogordianus.
577 3545 698 3605 Primus
720 3547 880 3606 subscribit
899 3548 1081 3606 lastinianus
1109 3565 1151 3606 ex
1171 3549 1263 3628 stirpe
1283 3550 1347 3608 Aa·

239 3626 350 3688 neoda.
394 3627 473 3703 Quid
502 3626 571 3689 aiei
600 3631 661 3689 nisi
682 3629 772 3710 plane
793 3629 872 3688 nihil
893 3633 990 3711 sapis,
1018 3651 1084 3691 rem
1105 3633 1245 3693 omnibus
1271 3637 1347 3696 sori·

239 3717 377 3796 ptoribus
399 3733 511 3774 noram
532 3725 562 3774 et
582 3715 673 3796 plane
694 3712 863 3775 inauditam
882 3737 996 3778 narras.
1039 3716 1198 3778 Secundus
1215 3722 1347 3780 lustinru

240 3801 362 3861 Caesar.
405 3803 607 3861 lastinianum
627 3801 748 3860 nullum
768 3803 888 3883 imperii
909 3801 1050 3863 habuisse
1072 3805 1188 3870 socium
1203 3808 1271 3884 quis
1289 3825 1346 3864 ne-

234 3885 324 3946 'acit'l
343 3909 406 3966 por
422 3889 507 3945 curio
520 3889 652 3948 lustinus
673 3888 732 3946 fuit
752 3891 819 3948 seni
834 3891 897 3948 iam
919 3899 949 3947 et
968 3907 1047 3970 pene
1061 3887 1158 3949 deliro
1171 3892 1345 3968 lastiniano,

235 3969 297 4030 ‘sed
319 3969 495 4031 diademate
507 3967 616 4052 dispar
622 3993 633 4046 ,·
655 3991 755 4054 neque
777 3975 841 4034 eius
862 3974 952 4048 iilius,
974 3971 1029 4032 scd
1048 3975 1223 4034 Dulcissimi
1245 3985 1275 4034 et
1292 3979 1345 4036 Vi-

242 4055 394 4133 gilantiae.
438 4057 560 4118 Tertius
579 4054 798 4120 Theudoricus
828 4079 884 4118 rex
912 4056 1107 4134 Gotthorum,
1139 4064 1192 4142 qui
1221 4071 1288 4120 ants
1311 4061 1344 4120 id

241 4151 362 4218 ternpus
385 4159 446 4220 quo
476 4141 581 4201 domm
609 4143 668 4201 fuit
694 4141 772 4202 illud
798 4145 1007 4225 privilegium,
1035 4147 1143 4225 viginti
1163 4157 1194 4206 et
1217 4149 1343 4227 amplius

242 4244 337 4283 orarios
360 4223 441 4282 diem
470 4228 595 4286 obierat·
637 4231 766 4300 Quartus
781 4231 968 4306 ¹lielisurius,
993 4233 1133 4312 quitum
1155 4234 1283 4310 Romae,
1309 4245 1343 4292 ut
