2960 4824
241 286 319 360 456
483 303 486 313 ·
587 284 634 353 ΙΝ
658 284 768 355 ulsr.
795 283 992 356 tuemur

241 450 310 530 lul,
337 459 428 534 atque
452 446 524 510 inda
551 441 712 533 σχαλάρισι.
754 449 915 530 Procopius
944 451 966 507 l.
989 451 1019 513 8.
1052 447 1086 512 cl
1109 445 1178 530 napi
1201 432 1264 525 τῆς
1292 450 1366 510 rori

241 537 389 602 noiurlou
411 537 552 616 φυλακῆς
571 529 670 616 λάχοι,
693 527 788 598 orions
831 530 939 616 σχολάς
959 526 1152 614 άνομάζονσι.
1202 533 1363 592 Militum

244 620 400 702 manipuli
420 623 474 702 qui
493 619 540 678 ad
553 620 673 701 palatii
694 631 778 680 cresto
808 625 867 679 'om
887 617 1034 678 destinati
1061 629 1151 696 sunt=3
1178 617 1236 677 Ῐιοτ
1257 617 1364 676 solso-

244 711 296 766 Ine
315 717 435 770 uocant.
478 707 543 764 Hoc
565 716 619 782 est,
640 706 762 782 milites,
787 716 821 764 ut
843 703 918 780 dixi,
939 705 1071 764 feriatos.
1114 705 1212 776 Quare
1232 723 1278 762 ex
1301 706 1363 762 in-

245 795 335 873 genio
357 793 409 850 olii
430 793 675 872 interpretantur:
701 789 810 850 domur
828 793 910 870 regie
937 807 1057 849 scnons
1079 785 1213 864 dicitur,
1236 787 1279 846 id
1299 802 1361 864 est,

246 878 431 957 disciplina:
456 880 533 956 quia
552 895 612 936 non
631 886 754 935 tuntum
781 893 1002 950 sononssrtcr,
1023 871 1059 933 id
1078 885 1132 951 eu,
1153 871 1364 953 disciplinati

247 975 276 1022 et
296 962 366 1022 bene
390 959 515 1020 correcti
534 971 616 1036 stunt,
638 965 720 1020 sicut
740 962 818 1024 alii:
840 959 896 1020 ced
909 963 1018 1041 potius
1038 961 1109 1038 ipro
1128 959 1245 1032 soboles,
1271 980 1363 1039 quae

246 1051 461 1128 interpretatur
479 1045 665 1126 disciplina,
686 1043 724 1106 id
744 1057 805 1122 est,
826 1049 986 1126 correctur,
1006 1042 1142 1103 dicitur:
1164 1065 1245 1124 quoe
1266 1043 1362 1103 alios

245 1133 375 1211 babitu,
404 1136 540 1214 incessu,
559 1130 664 1208 uerbo,
691 1143 719 1190 et
740 1143 828 1205 actu,
850 1142 942 1211 atque
962 1133 1057 1190 νοτίαν
1076 1133 1230 1188 caninis
1250 1133 1363 1188 conti-

246 1221 351 1279 nentia
372 1220 517 1298 corrigat.
561 1218 703 1297 Episcopi
722 1219 755 1274 in
777 1219 902 1298 epistola
922 1215 962 1274 ed
982 1213 1180 1276 [ludovicum.

134 1303 161 1364 ¹V
180 1308 231 1367 871
331 1305 368 1362 Ρ.
391 1304 469 1379 186,
495 1304 543 1366 16.
587 1301 681 1363 Inerti
701 1313 729 1360 et
750 1301 865 1362 imbelli
885 1305 995 1382 cuique
1014 1321 1123 1360 nomen·
1143 1297 1181 1358 id
1205 1297 1269 1358 sibi
1292 1295 1362 1356 ad-

248 1392 372 1448 sciscere
393 1388 497 1460 uouit]
520 1387 641 1446 Scilicet
661 1397 796 1468 tempore
817 1389 965 1462 Zenonis,
987 1383 1186 1466 adstipulatur
1200 1381 1358 1463 Agathias

246 1477 271 1535 Ι.
293 1474 313 1540 5
335 1485 365 1533 et
383 1492 448 1532 rem
469 1483 574 1531 exacte
594 1483 704 1534 uenat.
746 1477 823 1532 Nam
843 1491 861 1532 a
878 1475 999 1532 Zenone
1019 1466 1175 1554 μνάριμοι,
1198 1479 1229 1527 ct
1250 1464 1361 1547 συνή-

245 1567 332 1637 θεις,
360 1561 426 1618 noti
454 1577 489 1616 ec
499 1597 504 1608 ι
507 1557 691 1636 familiares
718 1561 754 1616 ia
774 1559 884 1618 militia
906 1555 1008 1616 donati
1028 1567 1108 1616 sunt.
1149 1551 1268 1614 Deinde
1299 1555 1359 1613 elii

247 1639 288 1708 osi
308 1641 382 1727 πρὸς
403 1637 508 1719 άξίαν,
537 1636 613 1706 illd
633 1639 707 1726 πρὸς
726 1637 831 1725 χάριν,
859 1663 919 1704 non
937 1663 995 1722 pro
1015 1639 1167 1722 dignitate
1186 1641 1261 1720 eligi
1284 1661 1361 1698 coe-

242 1741 371 1811 perunt,
398 1727 454 1787 seri
478 1725 523 1786 ad
541 1730 689 1809 grotr'om.
730 1729 867 1809 Denique
895 1729 1098 1786 alustiniauo
1121 1725 1199 1800 slei
1246 1726 1359 1804 ορείαν

247 1813 370 1897 μετέστη
390 1810 424 1878 'cd
443 1817 552 1896 χρῆμα,
573 1810 619 1872 od
633 1813 866 1894 negotiationem
879 1811 1005 1872 reducto
1021 1833 1068 1871 rea
1085 1821 1137 1870 est.
1181 1749 1244 1883 alin
1244 1809 1360 1890 μηκέτι

248 1896 347 1975 άλλως
374 1897 407 1962 lu
432 1899 528 1972 roiedr
554 1903 625 1972 τοῖς
644 1893 842 1980 στρατεύμασι
863 1895 1077 1980 καταλέγεσθαι
1101 1891 1172 1970 τινάς
1200 1894 1359 1976 βουλομέ-

248 2007 323 2060 νους
348 1981 421 2066 πρὶν
448 1979 490 2046 iv
514 1981 640 2064 χρυσίον
663 1981 692 2046 sl
720 1982 830 2067 μέτρον
852 1989 1029 2046 sueretu:
1059 1983 1106 2041 ito
1127 1991 1164 2040 ut
1183 1979 1299 2039 nullus
1319 1983 1357 2040 in

247 2073 291 2129 iia
311 2070 447 2128 numeris
466 2067 685 2146 inscriberetur,
706 2069 769 2128 nisi
789 2071 845 2150 qui
858 2071 952 2149 priua
970 2077 1083 2128 certum
1103 2069 1177 2126 auri
1196 2085 1358 2126 summm

248 2155 398 2215 eolrrbeet.
1183 2197 1186 2203 ,

333 2240 369 2296 Ρ.
394 2239 469 2312 186,
489 2241 522 2301 9.
568 2235 657 2297 Certa
684 2234 838 2316 stipendio
861 2237 986 2298 Cursori
1014 2233 1244 2316 oondmoruru]
1272 2237 1355 2296 Sae-

247 2323 374 2403 pissime
401 2323 434 2380 in
461 2322 584 2403 reliquis
605 2339 678 2382 sune
698 2319 840 2383 historiae
861 2323 944 2382 libris
966 2320 1023 2382 hoc
1044 2323 1207 2401 Procopius
1228 2325 1354 2402 repetit.

248 2409 312 2468 Nec
332 2409 460 2482 mirum,
488 2405 609 2490 quando
638 2417 669 2466 et
696 2410 788 2468 militi
813 2409 846 2466 in
867 2409 1044 2472 stationibus
1063 2418 1094 2466 et
1113 2409 1146 2466 iu
1167 2410 1271 2466 castris
1293 2405 1355 2467 de-

249 2495 333 2572 genti
350 2491 458 2552 sudem
479 2492 628 2573 stipendia
648 2495 831 2554 lastinianus
850 2496 982 2574 negarit.
1024 2495 1106 2572 Lege
1124 2493 1146 2551 l.
1164 2499 1181 2558 1
1197 2503 1227 2552 et
1242 2496 1263 2556 2
1276 2491 1355 2554 bell.

247 2580 333 2639 Pers.
356 2580 428 2637 etl.
450 2577 471 2639 8
492 2575 645 2638 historiae.
722 2597 725 2604 ¹
890 2625 894 2640 .

333 2665 369 2722 Ρ.
387 2665 456 2736 186,
480 2661 531 2725 14.
574 2665 651 2721 Sunt
672 2663 705 2721 in
726 2663 924 2740 imperatoria
944 2658 1034 2720 domo
1054 2659 1209 2741 dignioris
1228 2659 1355 2722 ordinis

249 2745 381 2826 militer]
408 2749 549 2806 Nominat
569 2744 619 2804 hic
640 2743 834 2825 domesticos,
857 2756 887 2805 et
904 2757 1102 2827 protectores,
1123 2747 1202 2806 inira
1222 2767 1251 2827 p.
1273 2750 1352 2812 117.

250 2827 458 2893 ΒιῚιιιτὲαιὶοιι
486 2834 568 2913 iiqua
590 2833 726 2891 omnium
746 2829 917 2912 dignissimi
936 2831 1075 2908 fuerunt,
1102 2834 1214 2912 quippe
1235 2834 1288 2913 qui
1309 2834 1351 2892 ab

249 2918 358 2977 intimo
379 2919 564 2997 imperatoris
585 2917 722 2976 cubiculo
745 2927 852 2993 essent,
876 2918 914 2978 ob
935 2917 1028 2999 idque
1050 2917 1236 2978 cubicularii
1256 2919 1352 2978 etiam

248 3005 404 3083 appellati.
447 3005 540 3064 Porro
562 3003 734 3062 cubiculum
756 3005 888 3063 anterius
918 3023 959 3062 ex
979 3022 1039 3083 quo
1068 3006 1171 3062 statim
1194 3005 1227 3060 in
1246 3004 1353 3082 ipsum

249 3088 438 3167 imperatoris
462 3087 561 3146 ibatur
582 3089 770 3165 cubiculum,
800 3089 838 3148 ob
859 3089 1012 3148 silentium
1033 3085 1115 3169 quod
1133 3090 1277 3168 principis
1297 3108 1350 3147 re-
1463 3093 1464 3100 ’

249 3174 385 3228 verentia
406 3172 588 3245 armabatur,
610 3183 750 3232 vocatum
769 3174 828 3232 fuit
848 3175 1015 3249 silentium,
1036 3183 1067 3231 et
1084 3173 1190 3232 Graeci
1212 3185 1349 3253 corrupto

250 3254 397 3312 vocabulo
422 3255 666 3333 osievuuolmour
694 3267 725 3314 et
752 3258 853 3316 intimi
879 3259 926 3316 illi
953 3257 1145 3335 cubicularii,
1175 3259 1351 3334 silentiarii,

250 3337 446 3418 quamobrem
466 3332 624 3413 ἐπιστάτας
642 3342 699 3420 τῆς
719 3334 799 3421 άμφ1
819 3337 870 3406 τάν
888 3341 1011 3424 βασιλέα
1032 3345 1134 3425 σιγῆς,
1157 3346 1351 3424 praepositos

138 3481 141 3498 ,
249 3422 368 3480 silentii
393 3420 479 3503 quod
496 3423 732 3503 imperatoribus
752 3425 955 3507 impenditur,
981 3425 1037 3488 hos
1059 3426 1204 3508 Agathino
1230 3445 1353 3488 nuncu-

251 3510 346 3587 pavit.
389 3509 519 3587 cyrillus
541 3507 821 3592 scythopolitanus,
851 3514 896 3588 εἰς
923 3509 957 3578 τά
984 3507 1146 3595 λεγόμενον
1172 3515 1351 3594 crimuni·

251 3615 320 3655 τιιον
346 3593 528 3672 φθάσαντας
555 3595 588 3657 oi
614 3593 664 3658 inl
688 3601 749 3658 ταῖν
774 3601 883 3680 θυρῶν
911 3593 1101 3682 calumniosos
1129 3597 1217 3662 ἔνδον
1238 3598 1350 3662 εἰσεδέ-

251 3679 350 3754 ξαντο.
388 3681 543 3758 Quicum
556 3675 602 3738 ad
619 3681 775 3742 silentium
791 3685 1003 3761 peruenissent,
1028 3704 1049 3742 o
1067 3685 1250 3744 silentiariis
1269 3687 1350 3745 ostio

245 3765 434 3844 praepositis
450 3763 618 3824 introducti
638 3777 719 3827 runt.
762 3769 819 3826 llic
840 3769 923 3828 locus
944 3766 1097 3828 dicebatur
1117 3767 1163 3828 od
1179 3767 1350 3830 secundum

249 3851 367 3928 uelum,
395 3869 467 3909 uam
483 3853 622 3930 primum
641 3853 743 3912 velum
766 3855 881 3913 eratin
901 3855 1006 3934 primis
1026 3855 1117 3933 ipsis,
1138 3865 1169 3912 et
1190 3857 1351 3916 exteriori-

250 3933 307 3994 bus
329 3935 484 4010 cubiculis,
511 3935 593 4016 quod
613 3941 824 3998 consistorium
844 3939 1006 4000 vocabatur
1026 3953 1050 3996 a*
1065 3931 1245 4000 coniistents
1264 3941 1350 4000 mul-

149 4022 239 4080 Aloi
254 4017 399 4096 titudine,
427 4030 458 4080 et
488 4023 632 4101 principis
660 4021 843 4082 audientiam
873 4024 1083 4104 praestolante.
1125 4027 1207 4084 ilaec
1233 4023 1350 4084 ibidem

253 4101 382 4181 cyrillus
404 4103 544 4164 declaret.
587 4107 826 4168 silentiariomm
847 4107 975 4188 dignitas
997 4119 1027 4168 at
1050 4107 1145 4170 lronor
1169 4111 1349 4192 praecipuus

250 4187 325 4262 luit,
346 4199 380 4245 ut
401 4209 505 4248 eorum
527 4189 606 4248 tituli
628 4189 798 4252 ostendunt.
841 4194 969 4271 Magnus
991 4194 1208 4270 silentiarius,
1224 4201 1351 4276 θανμα·

252 4267 409 4346 σιάτατος,
436 4275 466 4330 in
490 4277 562 4334 actis
590 4276 707 4335 concilii
727 4275 994 4358 chalcedonensis,
1023 4290 1053 4339 et
1079 4281 1111 4338 iu
1137 4283 1348 4362 antiquissimo
