2960 4824
409 355 416 374 ,
486 315 629 386 norm
652 313 891 423 immuni,
972 363 981 374 .
1159 310 1234 386 aaa

130 478 230 542 titulo.
278 481 371 540 Petro
398 479 623 560 gloriosissimo
654 483 804 560 magistro
832 477 1019 540 diuinorum
1047 480 1233 560 wiciorum.
1247 481 1270 537 Δ
1286 481 1323 539 82

129 567 221 626 Venit
247 585 316 624 cum
344 567 412 624 aliia
438 568 557 646 imperii
584 567 762 646 prianstibns
782 568 926 646 vigilium
946 585 1058 646 papam
1078 565 1116 624 ad
1140 585 1235 647 syno-
1255 581 1262 608 ι’

131 651 204 710 dum
228 652 589 732 constantinopolitam
608 663 794 727 evocaturus,
823 663 857 710 ut
877 663 922 712 est
942 650 1056 710 ibidem
1078 651 1178 710 collat.
1199 655 1234 716 2.

130 738 218 796 Alius
240 746 285 794 eat
306 739 411 812 Petrus
427 738 597 817 praefectus
618 741 786 817 praetorio,
816 736 854 796 de
876 757 936 818 qno
957 739 1046 794 intra.
1090 739 1148 795 llic
1170 746 1234 796 erat
1297 755 1300 760 ·
1409 765 1414 778 ·
1469 779 1470 786 .

129 823 295 902 lllyriensis
326 824 423 901 patria
450 819 684 898 Thessalonica,
716 843 757 882 ex
784 821 936 883 advocatis
965 821 1123 882 ordinariis
1151 823 1233 882 urbis

130 909 445 986 ConstantInopoleos‚
476 905 569 968 homo
590 909 735 987 singulari
755 907 915 986 prudentia
939 918 968 966 et
991 903 1232 982 mansuetudIue,

131 1003 162 1052 et
189 991 229 1050 sd
252 989 496 1071 persuadendum
526 1004 728 1072 comparatus,
755 1003 789 1052 ut
815 995 979 1072 Procopius
1004 996 1046 1050 ait
1072 994 1095 1051 l.
1118 995 1134 1056 1
1159 993 1233 1054 hell.

131 1075 235 1138 Gotth.
264 1087 294 1136 et
323 1076 457 1138 Cassiod.
479 1078 502 1136 l.
527 1083 576 1144 10.
604 1079 675 1140 Ver.
699 1080 786 1160 epist.
808 1082 858 1143 19.
891 1079 949 1138 Vir
970 1077 1235 1158 eloquentissimus

129 1165 242 1222 Petrus
259 1163 382 1244 legatus
400 1161 574 1224 serenitatis
593 1175 719 1242 vestrae,
738 1175 766 1222 et
781 1162 925 1223 doctriua
944 1183 1094 1239 summus,
1116 1175 1143 1220 et
1161 1184 1235 1224 aon-

128 1251 273 1308 seients'ae
293 1250 434 1308 claritate
447 1252 647 1329 praecipuus.
689 1248 764 1310 Vide
782 1253 869 1330 epist.
888 1251 931 1314 22
952 1245 1088 1308 eiusdem
1107 1249 1235 1312 librtas

128 1332 184 1404 sed
209 1330 359 1414 profunda
386 1337 520 1393 avaritia.
565 1338 637 1395 Post
664 1333 795 1394 reditum
824 1356 865 1394 ex
885 1335 990 1394 Italica
1016 1335 1167 1412 legatione
1194 1331 1236 1392 ad

128 1416 338 1494 Theodatum,
366 1421 510 1498 magister
529 1413 696 1482 officiorum
718 1431 849 1480 creatur:
878 1419 1003 1480 tandem
1023 1422 1056 1478 in
1077 1413 1235 1478 Persidem

129 1503 247 1582 legatus
269 1502 308 1562 ad
329 1501 493 1566 Choes-otim
513 1507 653 1566 mittitur.
697 1506 824 1585 Scripsit
844 1503 1001 1566 historiam
1023 1515 1053 1562 et
1076 1502 1114 1562 de
1142 1523 1235 1583 repu-

129 1589 225 1665 blica,
246 1587 317 1648 vide
337 1591 425 1670 plura
446 1589 527 1670 apud
548 1589 676 1650 Suidam
696 1591 787 1650 verbo
811 1589 944 1671 Πέτρος,
967 1599 997 1648 et
1017 1588 1240 1668 verboiudpa*

128 1667 204 1752 οης.
244 1675 319 1734 Eius
338 1671 494 1735 historiam
514 1695 577 1736 non
594 1674 667 1752 ridi,
689 1674 744 1735 sed
760 1675 910 1757 quaedam
928 1675 1097 1754 fragmenta
1117 1675 1180 1752 legi
1201 1675 1236 1730 in

129 1756 313 1820 bibliotheca
336 1763 481 1820 Vaticana
509 1763 541 1820 in
568 1762 681 1840 eclogia
709 1759 748 1820 de
773 1761 985 1840 legationibus.
1027 1763 1143 1818 lterum
1170 1761 1236 1818 eius

130 1847 245 1904 mentio
267 1855 313 1905 est
333 1847 411 1904 infra
439 1849 563 1926 p.·107.
607 1849 705 1906 lluius
732 1847 812 1906 lilius
832 1843 1013 1906 Theodorus
1037 1865 1115 1904 anno
1142 1845 1237 1904 Iusti·
1337 1851 1365 1884 τ’

130 1931 216 1990 niani
236 1933 391 2010 trigesimo
408 1943 513 2012 quarto
531 1929 748 2011 perduellionis
768 1933 961 1991 insimulatus
982 1941 1038 1990 est.
1081 1927 1169 2004 Quod
1187 1929 1237 1988 illi
1294 1991 1298 2002 ,

130 2035 240 2075 manus
261 2011 355 2076 aliern
376 2028 455 2091 esset
475 2017 609 2094 brevior,
632 2015 823 2100 Κοντοχὲρην
845 2017 1044 2097 appellarunt.

214 2103 249 2160 P.
266 2104 316 2178 97,
340 2101 370 2166 5.
413 2104 494 2160 Erat
515 2102 689 2162 Iustiniana
710 2103 750 2161 ab
772 2103 910 2182 epistolis
928 2097 1068 2179 Priscus]
1090 2097 1176 2158 Idem
1198 2095 1237 2156 de

129 2187 232 2246 Prisco
253 2187 296 2245 ita
318 2187 409 2246 refert
430 2185 650 2268 Theophanes,
672 2185 726 2248 sed
748 2208 789 2246 ex
811 2189 871 2247 alio
893 2199 1014 2262 autore,
1037 2183 1238 2268 quemadmo-

131 2269 205 2330 dum
226 2281 289 2330 tute
310 2273 404 2332 lector
427 2274 600 2352 intelliges,
625 2293 718 2354 quare
739 2293 801 2334 non
822 2273 932 2334 trustra
956 2271 1094 2334 dolemus
1114 2281 1160 2332 tot
1181 2290 1237 2328 re·

129 2366 230 2416 terum
250 2367 388 2416 autorum
409 2359 565 2433 iacturam,
589 2361 643 2438 qui
664 2357 781 2434 eadem,
803 2378 881 2440 quae
902 2361 1065 2437 Procopius
1087 2353 1125 2416 de
1142 2355 1237 2414 lusti-

129 2443 221 2500 niano
242 2459 277 2500 ao
297 2439 460 2502 Theodora
480 2451 649 2502 narramnt.
697 2437 801 2526 Τούτῳ
823 2447 865 2528 τῷ
885 2441 944 2505 ἔτει
965 2443 1101 2520 Πρίσκος
1120 2435 1238 2512 ὕπατος

130 2517 356 2608 indecerptus
373 2530 429 2589 saei
449 2525 594 2608 duritiae
616 2519 838 2610 ἆγονοοπηθιὶο
852 2523 916 2592 derb
931 2522 1091 2605 Θεοδόρος
1107 2527 1163 2604 τῆς
1182 2525 1237 2622 βο-

132 2611 267 2691 musam
296 2604 469 2693 ἐδημεύθη,
494 2610 547 2676 aui
568 2605 712 2686 διάκονος
736 2613 869 2686 Κυζίκου
891 2603 1107 2694 ἐχειροτονήθη
1136 2613 1239 2671 κελευ-

131 2693 323 2772 cancerosi
352 2695 504 2778 βασιλέως.
553 2697 624 2758 Ηοο
649 2718 746 2778 οοηο,
778 2717 888 2778 nempe
910 2699 1068 2758 Iustiniani
1094 2697 1235 2775 septimo,

130 2783 260 2842 Priscus
280 2781 397 2857 consul,
416 2793 445 2841 et
464 2783 541 2841 olim
560 2784 703 2842 notarius
723 2785 926 2863 imperatorie,
952 2785 1008 2864 qui
1029 2784 1062 2840 irs
1083 2801 1114 2838 ee
1142 2781 1237 2838 ereo·

132 2863 226 2926 darae
246 2865 491 2947 indignativum
506 2879 702 2946 converterat,
719 2867 889 2948 publicatis
900 2869 1054 2950 fortunis,
1074 2868 1238 2926 Diaconus

136 2952 299 3032 &sicem
319 2953 466 3012 initiatus
486 2965 546 3031 est,
568 2953 686 3012 iubente
710 2953 850 3014 Caesare.
1307 3007 1312 3026 η

217 3039 322 3112 1>.97‚
341 3039 392 3100 11.
436 3035 598 3114 Detondet,
621 3041 811 3118 invitamque
832 3035 935 3120 adigit
956 3033 1002 3096 ad
1020 3031 1238 3113 sacerdotium]

132 3123 199 3182 blas
226 3123 284 3182 tuit
304 3125 495 3182 orientalium
515 3125 730 3203 imperatorum
752 3127 878 3183 minima
904 3120 1178 3194 commendandus,
1204 3127 1239 3178 ut

133 3209 242 3290 quibus
261 3211 343 3266 viain
364 3207 403 3266 ad
423 3208 584 3288 dignitates
607 3208 801 3290 praecludere
822 3211 952 3284 vellent,
983 3228 1034 3268 eos
1056 3207 1105 3264 vel
1126 3205 1238 3263 inritos

133 3297 225 3354 sacris
245 3291 408 3354 initiandos
439 3305 587 3354 curarent.
631 3297 758 3356 loannes
780 3293 946 3375 Cappadox
966 3291 1023 3352 hac
1045 3291 1150 3350 eadem
1174 3299 1238 3348 erte

133 3399 152 3440 a
173 3377 336 3440 Theodora
354 3381 588 3456 circumventus,
621 3383 751 3441 asacris
771 3379 919 3440 faciendis
947 3379 1106 3450 abstinuit,
1138 3397 1177 3434 ue
1199 3373 1239 3432 ad

133 3465 295 3544 imperinm
322 3463 404 3546 quod
424 3466 482 3524 sibi
507 3485 583 3524 vane
603 3466 819 3545 pollicebatur,
852 3463 1069 3544 impedimento
1096 3460 1239 3520 idioret.

9 3617 10 3628 ,
133 3551 262 3625 Primus,
285 3569 414 3633 quorum
433 3549 512 3614 mihi
532 3549 624 3612 modo
645 3553 728 3610 venit
748 3553 780 3609 in
799 3561 945 3624 mentem,
969 3547 1028 3607 hoc
1049 3549 1112 3626 egit
1131 3543 1239 3606 Theo-

136 3631 236 3696 dosius
256 3639 369 3714 iunior,
388 3638 441 3718 qui
462 3637 576 3717 Cyrum
595 3639 745 3717 praetorio
766 3636 962 3718 praelectum,
984 3635 1022 3692 ob
1044 3652 1113 3691 eam
1132 3630 1238 3712 populi
1254 3638 1277 3694 P
1294 3639 1348 3697 160

9 3719 10 3732 ’
134 3738 250 3794 vocem,
272 3725 375 3802 Κῦρος
394 3721 446 3786 aul
468 3723 511 3796 sic
531 3719 604 3785 ἄλλο
625 3715 751 3802 νικήσει.
794 3723 1029 3783 Ariasmene
1046 3717 1121 3796 Cyre
1140 3719 1239 3774 victo-

10 3803 11 3812 ’
135 3807 202 3881 ria3
224 3823 315 3884 quam
334 3809 366 3865 in
387 3805 579 3888 tymnnidem
599 3803 791 3866 Theodosius
812 3809 1023 3886 interpretatus
1045 3813 1108 3876 est,
1131 3803 1240 3880 Smyr-

10 3893 11 3918 l
135 3907 193 3949 nae
213 3890 285 3966 fecit
305 3893 494 3974 episcopum:
516 3893 716 3973 posteriorum
738 3890 847 3950 deinde
870 3893 1054 3949 Graecorum
1075 3887 1238 3946 Caesarum
1252 3893 1280 3950 V
1295 3893 1350 3951 ato

10 4045 11 4056 η
135 3975 238 4036 nullus
258 3975 321 4033 iere
343 3987 405 4053 est,
427 3982 479 4062 qui
500 3979 533 4038 in
553 3977 680 4043 rebelles
702 3977 831 4053 amicos,
852 3978 903 4038 vel
924 3975 1161 4054 consanguineos
1182 3972 1239 4032 ab·

136 4059 260 4122 surdam
282 4057 360 4120 hanc
380 4083 446 4123 rem
465 4083 527 4126 non
549 4063 744 4124 commiserit.
1108 4129 1111 4136 ,

220 4149 257 4206 Ρ.
278 4149 353 4222 100,
375 4145 407 4212 4.
451 4149 551 4210 Nersa
571 4149 681 4209 bovino
701 4167 723 4206 a
734 4147 845 4225 fronte
865 4141 913 4206 ad
928 4165 1021 4206 aurea
1042 4140 1241 4224 circumacto]
1337 4145 1345 4162 ¹

107 4261 112 4280 a
136 4233 202 4292 llos
219 4249 315 4311 genus
332 4229 516 4294 crudelitatis
533 4245 562 4294 et
579 4237 611 4294 in
625 4237 755 4295 Bassum
769 4234 932 4313 patricium
950 4231 1119 4292 exercuisse
1134 4226 1241 4289 Theo-

11 4311 12 4322 ’
138 4315 253 4394 doram,
274 4319 307 4376 in
328 4318 466 4401 molere
484 4319 543 4378 GP.
562 4321 637 4384 olim
655 4321 797 4402 legimns.
845 4313 889 4383 rt
909 4313 944 4384 di
959 4309 1082 4468 Βοὲοδοου
1101 4309 1243 4399 ἆοήηορι

1466 226 1468 286 l
