2992 4826
517 277 661 348 NOTAE
684 279 935 352 tinniunt*
1189 281 1264 358 387
1320 363 1324 370 ,

161 442 203 510 ad
223 447 381 526 episcopos
405 441 440 508 ln
467 441 595 508 cendam
621 446 803 508 sententian
824 443 911 523 dato,
939 455 974 508 nt
998 459 1074 510 nox
1095 443 1265 510 deierabo.

161 535 353 612 Quemquam
372 547 443 592 vero
460 533 567 592 lustini
588 534 777 606 constitutio,
805 535 891 596 cuiue
919 529 969 592 hio
990 534 1130 597 meminit
1152 535 1267 594 Proco-

161 621 249 698 pins,
277 628 348 677 nota
370 619 500 678 consulis
520 626 620 680 enrest
640 635 702 678 non
724 619 824 680 aoinrn
848 620 881 682 in
901 620 1055 699 impressis
1076 619 1179 695 libris,
1209 616 1267 680 aed

161 705 255 762 etiem
281 705 314 762 in
343 705 466 788 natique
496 701 600 766 codice
625 703 786 779 Vatiennot
818 715 922 766 tamen
953 723 995 764 ex
1024 707 1168 784 inscripto
1200 706 1266 766 Ile-

161 786 327 850 rnoethenia
347 793 485 865 nomine,
505 789 730 870 promulgatam
751 809 818 852 earn
839 809 901 850 non
923 788 1096 854 dubitamus
1116 801 1186 870 post
1207 811 1267 854 an·-

162 893 238 937 nurn
257 877 365 934 luetini
383 879 517 950 tertium,
537 877 588 936 rel
606 873 723 939 dnobus
743 877 955 958 sequentibne,
979 873 1101 957 qnando
1122 877 1265 956 praetorii

162 961 381 1040 praefecturam
395 958 615 1023 Demosthenes
633 959 862 1038 administrarit,
884 972 918 1022 nt
939 981 980 1022 ex
995 972 1168 1042 praetornsa
1189 965 1266 1024 seris
1283 958 1308 1016 V
1323 958 1376 1018 ³⁶4

162 1043 204 1104 ad
231 1048 391 1109 consulum
419 1057 540 1127 tempus
567 1067 584 1106 a
610 1048 698 1108 nobie
727 1058 863 1108 revocata
889 1045 993 1108 videre
1022 1048 1094 1108 lioet
1120 1048 1198 1108 inira
1227 1045 1268 1108 ed

163 1151 196 1212 p.
221 1134 274 1196 92.
323 1135 425 1212 ipsam
450 1135 559 1193 luatini
585 1136 844 1209 constitutionem,
878 1131 961 1215 qnod
989 1130 1029 1192 ad
1057 1131 1271 1200 illustrandam

162 1227 280 1298 partem
300 1215 392 1278 huius
412 1215 554 1282 historice
575 1222 770 1300 praecipuam
788 1221 952 1300 pertineat,
974 1214 1024 1280 hie
1041 1219 1190 1297 integrans
1212 1217 1268 1284 dae

162 1317 243 1364 snus.
259 1345 266 1364 ι
285 1305 322 1360 ln
351 1323 411 1384 que
439 1303 500 1364 dno
530 1306 624 1364 velim
650 1305 882 1368 nnimsdvertss·
923 1307 997 1364 Poat
1023 1303 1125 1383 legem
1146 1305 1268 1381 inirem,

163 1390 460 1464 Constantiniannm,
499 1401 529 1449 et
559 1394 740 1454 Mettisnnrn
774 1390 813 1454 de
848 1401 1024 1453 unatornm
1056 1393 1268 1466 matrimoniis,

163 1476 297 1552 primum
326 1473 382 1534 snb
403 1477 518 1536 lustino
547 1488 577 1536 et
604 1479 771 1538 Iustiniano
800 1475 935 1538 nuditam
960 1495 1026 1536 esse
1054 1478 1086 1536 in
1114 1476 1185 1536 orbe
1205 1479 1269 1537 iio*

162 1579 254 1618 mano
269 1555 461 1620 'sanctionem
483 1560 521 1620 de
549 1574 723 1624 senatorum
745 1565 860 1642 nuptiis
882 1582 952 1622 oum
972 1561 1095 1622 obiectis
1120 1564 1269 1640 personis·

162 1643 280 1704 Deinde
301 1647 373 1704 lieet
394 1649 427 1704 in
449 1649 663 1726 constentiona
683 1649 751 1727 lege
779 1659 833 1726 per
854 1645 932 1706 hano
953 1650 1107 1727 entiquete
1128 1649 1271 1708 nomine·

163 1731 221 1788 tim
240 1739 383 1790 notentur
402 1733 550 1807 ancillae,
571 1733 711 1812 libertae,
733 1736 882 1808 comicae,
904 1732 1105 1810 tabernariae,
1128 1732 1273 1792 lenonum

163 1825 192 1876 et
212 1820 425 1878 arenariorum
432 1819 536 1897 filiae,
558 1839 696 1899 quaeque
715 1821 920 1878 mercimoniis
927 1817 1054 1898 publice
1061 1819 1255 1896 praefuerint
1261 1842 1272 1894 ς

162 1910 266 1960 temen
287 1913 321 1962 nt
341 1905 432 1982 plane
452 1905 690 1983 intelligeremus
707 1923 762 1986 pro
775 1901 937 1964 Theodora
959 1905 1104 1964 sancitam
1125 1901 1204 1962 hano
1222 1904 1270 1962 le-

162 2005 235 2065 gem
254 1989 358 2062 fuisse,
383 1991 535 2050 lustinum
555 1991 634 2050 solas
655 1989 706 2050 hic
726 1993 882 2052 nominare
902 1991 1045 2050 mulieres
1059 1991 1209 2066 scenicas,
1229 2003 1272 2054 01

162 2090 223 2153 qua
243 2077 391 2134 nimirum
410 2076 496 2134 lesos
517 2073 681 2136 Theodora
701 2077 811 2136 fueret.

206 2245 211 2266 ¹
331 2241 443 2315 lere.
504 2241 734 2319 IUS'T.
795 2246 1103 2318 Ancosroe

399 2365 612 2424 Denosrnnnr
634 2379 815 2426 rnrnrrono
837 2381 1033 2426 ιιιιιιτοιιιο.

248 2496 418 2574 Imperielie
440 2497 668 2557 benevolentiae
689 2501 845 2578 proprium
865 2495 923 2558 hoo
945 2517 1011 2558 ease
1033 2491 1215 2568 indicentes,
1237 2504 1272 2554 nt

162 2579 249 2638 omni
275 2590 411 2662 ternpore
440 2583 644 2643 subiectorum
672 2582 833 2644 commoda
860 2593 924 2642 tero
952 2583 1149 2660 investigere,
1180 2597 1272 2660 quern

164 2666 210 2722 eis
237 2665 354 2726 mederi
381 2683 593 2748 procuremnst
622 2669 725 2749 lapsus
754 2688 875 2750 qnoque
902 2669 1083 2741 mulierum,
1112 2685 1167 2746 per
1196 2683 1272 2745 quos

162 2748 322 2830 indignam
344 2751 458 2814 honore
482 2757 742 2816 conversationem
768 2755 976 2816 imbecillitate
1000 2769 1093 2812 sexus
1115 2752 1272 2829 elegerint,

162 2841 347 2914 competenti
367 2837 573 2902 moderatione
601 2839 802 2900 sublevandos
829 2859 894 2900 esse
923 2855 1099 2901 censemus:
1128 2839 1274 2899 minime-
1375 2845 1380 2850 “

164 2936 225 3001 que
247 2925 291 2982 eia
311 2943 399 3004 spem
419 2927 554 2986 melioris
576 2924 756 2986 conditionis
786 2923 937 3000 adimere,
966 2934 1000 2984 nt
1024 2922 1065 2984 sd
1086 2942 1156 2984 eam
1175 2923 1274 2998 respi-

164 3007 294 3082 cientes,
326 3009 529 3090 improvidam
558 3021 588 3070 et
618 3015 721 3070 orions
754 3008 915 3072 honestem
946 3009 1124 3068 electionem
1153 3007 1273 3064 facilins

161 3089 386 3174 derelinquent.
428 3100 506 3155 Nam
533 3097 577 3155 ite
605 3096 755 3156 eredimus
785 3095 836 3156 dei
856 3095 1115 3166 benevolentiam,
1144 3102 1174 3152 et
1195 3093 1273 3150 circe

64 3178 69 3186 ’
163 3195 261 3256 geone
280 3177 449 3243 humanum
465 3185 593 3241 nimiam
611 3184 813 3257 elementiam,
838 3192 984 3263 quantum
1004 3190 1126 3240 nostroe
1147 3187 1271 3238 nnturae
1289 3177 1312 3232 Δ
1328 3177 1364 3236 m

164 3264 309 3344 possibile
331 3278 393 3341 eat,
415 3269 544 3344 imitan',
564 3271 617 3350 qni
639 3268 796 3328 cotidianis
817 3266 977 3328 hominum
997 3267 1129 3345 peccatis
1153 3281 1274 3340 semper

163 3351 321 3428 ignoscere
345 3351 503 3430 dignatur,
535 3365 567 3414 at
587 3357 805 3434 poenitentiam
826 3356 977 3433 suscipere
998 3363 1150 3423 nostrum,
1183 3359 1212 3408 et
1233 3345 1274 3406 ed

164 3437 323 3498 meliorem
350 3458 419 3497 enm
446 3449 558 3498 etntnm
583 3439 741 3500 dedocere.
784 3438 872 3511 Quod
899 3442 926 3498 ai
952 3439 1031 3496 oiroe
1058 3447 1176 3498 nostros
1198 3434 1274 3494 snb-

165 3521 258 3582 ieetos
279 3527 408 3604 imperio
428 3545 485 3584 noe
514 3529 606 3584 etism
626 3527 725 3584 facere
747 3523 937 3598 differamus,
967 3523 1053 3584 nulla
1077 3523 1165 3580 renio
1188 3517 1273 3597 digni

166 3625 232 3664 esee
254 3609 435 3670 ridebimur.
477 3615 583 3693 ltaque
605 3631 673 3670 eum
701 3613 848 3670 iniustum
873 3612 931 3684 sit,
961 3623 1064 3670 servos
1086 3604 1211 3686 quidem
1231 3605 1273 3680 li,-

165 3689 280 3752 bertete
303 3695 438 3772 donatos,
459 3717 549 3778 posse
569 3717 624 3777 per
643 3695 777 3756 divinem
797 3693 1018 3773 indulgentiam
1038 3692 1187 3752 netelibns
1209 3691 1273 3751 ιιιίε

165 3779 300 3854 restitui,
320 3793 482 3863 postquem
505 3781 682 3842 huiusmodi
700 3782 866 3862 principale
887 3779 1068 3838 beneficium
1087 3778 1130 3836 ite
1151 3773 1271 3851 degere,
1287 3779 1310 3833 Ρ
1325 3777 1377 3836 118
1437 3781 1440 3790 ⁴

166 3865 255 3942 qnasi
280 3884 437 3946 nunqnam
458 3871 635 3941 servittem,
668 3867 723 3926 sed
752 3869 876 3944 ingenui
896 3865 960 3924 nnti
982 3871 1098 3922 esseme
1132 3861 1273 3920 mulieres

166 3958 286 4022 nutem,
318 3971 394 4032 qnae
424 3957 551 4014 aeenieis
582 3951 706 4034 quidem
735 3953 816 4031 lupia
845 3970 911 4010 sese
938 3959 1006 4008 ante
1034 3949 1272 4022 imnisenernot,

166 4045 273 4118 posteo
305 4055 376 4095 vero
412 4051 511 4119 spreta
542 4041 624 4098 mela
653 4036 823 4098 conditione
852 4035 891 4096 ed
919 4037 1078 4096 meliorem
1106 4033 1273 4110 nrigrsvere

166 4123 362 4196 sententiam,
398 4135 427 4181 et
458 4124 650 4186 inhonestam
679 4125 900 4204 professionem
935 4121 1120 4199 effugerunt,
1156 4119 1274 4178 nnllam

166 4229 255 4289 spem
283 4210 457 4288 principalis
483 4209 594 4270 hebere
615 4211 770 4284 beneficii,
799 4208 882 4290 qnod
909 4227 961 4268 ens
988 4205 1027 4266 ad
1054 4205 1143 4268 istum
1162 4213 1275 4262 etatum

167 4295 332 4372 reducem,
353 4296 386 4353 in
409 4313 470 4375 quo
492 4299 519 4354 ai
537 4295 616 4356 nihil
637 4295 790 4358 inhonesti
810 4303 968 4375 peceatum
985 4303 1073 4368 esset,
1095 4290 1274 4352 commorari
