3054 4834
252 303 326 378 262
700 301 903 373 PROCOPII

214 491 236 546 Β
249 477 406 562 Ῥωμαίων
420 475 516 566 ἀρχῆς
521 525 531 558 ,
556 470 746 560 πεπονηκότα
761 471 934 542 παντάπασι
950 473 990 540 τύ
1008 474 1090 558 τείχη
1113 471 1210 561 εδρών
1226 473 1257 551 ἐς
1273 473 1351 560 μίγα

252 610 281 649 τι
303 579 433 660 κάλλους
451 607 483 648 τε
502 583 553 646 καί
575 581 743 668 ἀσφαλείας
761 577 965 663 κατεστήσατο
980 585 1097 664 χρῆμα.
1149 577 1227 642 ἐνθα
1245 577 1283 661 δὴ
1302 581 1351 642 καὶ

253 682 387 775 φρούρια
401 687 559 768 πεποίηται
575 680 610 750 τό
625 710 656 750 τε
670 677 833 752 Ἅλούστου
854 680 1038 764 καλούμενον
1055 683 1105 746 καί
1121 681 1156 745 τό
1171 681 1202 744 ἐν
1218 681 1248 743 Γ
1245 683 1300 766 ορζ
1334 717 1351 730 -

252 792 362 874 βίταις.
414 785 618 876 διαφερόντως
636 789 669 852 δέ
689 787 744 872 τὴν
760 786 922 874 Βόσπορον
943 792 986 872 τῷ
1007 782 1135 871 ἐρύματι
1157 781 1351 870 ἐκρατύνατο,

252 887 347 977 ἥνπερ
364 891 397 956 ἐκ
410 897 542 956 παλαιοῦ
550 892 840 980 βεβαρβαρωμένην,
860 891 910 954 καὶ
924 885 983 954 ind
999 898 1062 966 τοῖς
1077 886 1204 964 Ούννοις
1216 887 1377 970 κειμένην5

254 997 286 1072 ἐς
309 996 345 1060 τδ
362 991 519 1076 Ῥωμαίων
547 993 638 1072 αὐτὸς
660 993 818 1079 μετήνεγκε
842 990 962 1080 κρότος.
1012 989 1075 1057 ἐστι
1096 993 1131 1056 δέ
1149 1015 1195 1066 τις
1215 991 1353 1054 ἐνταῦθα

251 1094 341 1183 χώρα
356 1099 434 1163 κατὰ
450 1099 505 1180 τὴν
518 1100 678 1184 παραλίαν,
700 1095 790 1184 Δόρυ
805 1095 912 1186 inopia,
931 1095 984 1160 ‘ion
998 1094 1036 1178 δὴ
1049 1095 1081 1158 ἐκ
1093 1099 1224 1158 παλαιοῦ
1236 1094 1267 1155 Γ
1264 1091 1354 1157 durior

254 1201 403 1292 ᾤκηνται,
430 1201 458 1266 oi
479 1200 652 1289 Θευδερίχῳ
671 1203 702 1278 ἐς
721 1189 851 1267 Ἰταλίαλι
872 1197 948 1264 ἐόντι
971 1197 1025 1263 odor
1047 1194 1254 1278 ἐπισπόμενοι,
1280 1193 1351 1259 ἀλλ’

254 1301 426 1370 ἐθελούσιοι
446 1303 541 1369 αὐτοῦ
559 1306 728 1386 μείναντες,
743 1300 901 1387 Ῥωμαίων
914 1302 964 1366 καὶ
982 1303 1024 1377 είς
1040 1301 1095 1383 ἐμέ
1109 1303 1166 1365 εἰσι
1182 1297 1352 1363 ἔνσπονδοι·

254 1403 492 1494 ξυστρατεύουσί
517 1430 550 1470 τε
577 1407 681 1483 αὐτοῖς
705 1409 752 1472 ἐπί
780 1388 941 1490 πολεμίους
964 1403 1036 1480 τοδς
1057 1403 1221 1500 σφετέρους
1245 1404 1351 1480 ίοῦσιν,
1362 1409 1398 1463 10

214 1527 238 1580 c
254 1507 344 1594 ἡνίκα
362 1508 401 1574 όν
414 1515 539 1593 βασιλεῖ’
549 1509 725 1597 βουλομένῳ
745 1508 800 1592 εἶἠ.
852 1510 1034 1586 ἐξικνοῦνται
1055 1507 1090 1570 δέ
1114 1507 1145 1582 ἐς
1161 1505 1356 1592 τρισχιλίους,

254 1615 305 1680 καὶ
327 1609 367 1679 τό
389 1639 422 1679 τε
444 1605 573 1694 πολίμια
590 1613 663 1700 ἔργα
685 1614 759 1678 εἰσὶν
773 1611 892 1700 ἄριστοι
907 1608 947 1675 τό
963 1635 995 1676 τε
1015 1607 1047 1686 ἐς
1066 1607 1122 1691 τὴν
1136 1609 1282 1695 γεωργίαν
1297 1605 1356 1672 αύ-

253 1715 376 1802 τδυργοὶ
399 1717 508 1794 δεξιοί,
535 1718 585 1780 καί
608 1711 839 1803 φιλοξενώτατοι
860 1715 896 1780 δέ
914 1717 988 1778 είσιν
1010 1709 1184 1798 ἀνθρώπιον
1205 1702 1355 1776 ἆπιίνόων.

253 1818 331 1903 αύτὴ
348 1820 382 1883 δέ
398 1815 418 1902 ἐγ
431 1815 521 1904 χώρα
533 1817 568 1884 τό
584 1817 673 1904 Δόρυ
688 1825 742 1902 τῆς
760 1819 815 1900 μὲν
833 1825 889 1903 γῆς
903 1819 934 1882 ἐν
944 1813 1056 1904 ὑψηλῷ
1072 1824 1183 1893 κεῖται,
1202 1814 1240 1879 ού
1253 1816 1356 1896 μέντοι

254 1921 323 1989 orire
336 1931 461 2010 τραχεῖα
479 1919 546 1986 ούτε
561 1902 791 2008 σκληράιέστιν,
813 1921 885 1985 ἀλλ’
903 1918 1007 2006 ἀγαθή
1022 1943 1054 1984 τε
1069 1920 1120 1982 καί
1133 1915 1265 2005 εύφσρος
1277 1927 1397 2003 unp-16
1413 1907 1419 1919 ’

253 2031 319 2091 utin
337 2031 398 2090 τών
414 2025 555 2112 ἀρίστων.
607 2022 695 2088 πόλιν
708 2025 764 2106 μὲν
778 2015 831 2088 σόν
846 2021 866 2106 ἢ
881 2021 1029 2110 φρούριον
1045 2021 1167 2104 ούδαμῆ
1183 2027 1237 2104 τῆς
1250 2017 1357 2106 χώρας

255 2124 273 2192 δ
293 2129 439 2210 βασιλεύς
465 2129 602 2210 ἐδείματο
625 2126 754 2210 ταύτης,
779 2129 999 2213 καδείργεσθαι
1018 2123 1190 2212 περβόλοις
1207 2125 1285 2188 τισίν
1300 2122 1356 2188 οὐκ

177 2267 179 2274 ·
254 2229 442 2312 ἀνεχομένων
471 2237 532 2296 τῶν
564 2231 635 2317 τῇδε
663 2223 853 2317 ἀνθρώπων,
879 2227 951 2293 ἀλλ’
978 2228 1010 2291 ἐν
1035 2229 1128 2316 πεδίῳ
1150 2225 1357 2308 ἀσμενέστατα

148 2348 173 2398 v
189 2348 241 2404 436
257 2333 418 2423 ᾠκημένων
440 2331 495 2398 det
545 2331 605 2418 ὅπη
629 2333 701 2398 ποτὲ
719 2332 753 2397 δέ
771 2339 831 2398 τῶν
846 2329 941 2418 ἐκείνη
955 2331 1076 2418 χωρίων
1090 2326 1211 2413 βάσιμα
1227 2328 1357 2405 εὐπετῶς

254 2447 317 2514 ταῖς
330 2438 463 2502 ἐπιούσιν
478 2433 575 2502 ἐδόκει
591 2432 666 2502 είναι
673 2485 684 2517 ,
709 2432 823 2513 ταύτας
838 2435 878 2517 δὴ
895 2437 1065 2518 τειχίσμασι
1081 2441 1211 2520 μακροῖς
1223 2433 1280 2508 τδς
1292 2435 1399 2500 εἰσ-ω

253 2537 345 2617 όδους
365 2538 553 2627 περιβαλών,
578 2540 635 2617 τὰς
657 2541 689 2604 ἐκ
707 2543 763 2622 τῆς
784 2535 898 2626 ἐφόδου
922 2539 1087 2626 φροντίδας
1109 2536 1257 2603 ἀνέστειλε
1276 2537 1308 2600 Γ
1304 2534 1356 2602 ότ-

253 2648 335 2720 θοις.
385 2649 484 2708 ταῦτα
495 2643 551 2726 μέν
566 2643 640 2728 τῇδέ
651 2667 692 2725 πη
709 2640 778 2724 ἐχει.

213 2759 239 2814 l)
357 2745 456 2811 Πόλιν
470 2747 505 2811 δέ
524 2771 591 2810 τινα
604 2744 823 2810 ἐπιδαλαττίαν
838 2745 958 2833 οίκοῦσι
970 2741 1091 2834 Θρᾷκες
1104 2739 1187 2828 παρὰ
1200 2739 1255 2824 τὴν
1261 2733 1357 2825 ἰ’μόνα

253 2853 311 2914 τού
324 2849 466 2926 Εὐξείνου
486 2845 615 2930 πόντου,
635 2848 793 2936 Ἀγχίαλον
812 2845 924 2930 δνομα,
949 2837 1045 2934 ἧσπερ
1068 2848 1099 2911 ἐν
1116 2845 1273 2936 ἐπιτηδείῳ
1290 2843 1357 2909 ἐπι-

215 3025 218 3031 ,
252 2955 460 3038 μνησθείημεν
480 2951 534 3032 dv,
556 2951 783 3042 περιηγούμενοι
798 2951 837 3017 nri
853 2952 901 3014 ἐπὶ
915 2955 969 3033 τῆς
986 2947 1112 3042 Θρηίκης
1130 2951 1242 3037 χωρίαι
1293 2949 1399 3014 inei&

324 3095 366 3150 15.
387 3089 453 3150 οὔτε
464 3125 498 3138 -
510 3089 589 3164 odire]
605 3095 754 3164 Legebetur
764 3089 833 3148 σδδδ
844 3122 879 3134 -
890 3089 970 3151 οιίδέ.

253 3209 322 3265 moni
339 3206 443 3264 limitent
462 3210 527 3264 eitee
546 3219 619 3274 eunt,
638 3227 712 3277 oon,
729 3212 848 3281 inquom,
865 3211 954 3266 herum
971 3209 1069 3264 urbium
1087 3225 1171 3263 moror
1187 3208 1302 3262 ineditus
1317 3208 1357 3262 ie-

255 3279 363 3334 beeoere
383 3279 564 3348 oomperioeet,
580 3279 761 3350 pulcherrimos
778 3281 839 3334 iecit
857 3297 888 3334 eo
900 3281 1074 3334 reiidieeirnoe.
1110 3279 1205 3332 ibidem
1216 3277 1299 3331 Alunti
1311 3293 1357 3330 oe-

254 3347 356 3402 etellorn
375 3347 488 3400 extruxit
499 3349 734 3403 etGorzubitenoe.
769 3349 914 3420 Preeoipue
925 3367 987 3403 vero
1000 3351 1088 3402 urbem
1100 3349 1241 3416 Bosporum
1260 3347 1358 3408 muniit,

274 3431 329 3469 uere
349 3415 469 3470 barberio
483 3417 579 3486 pridem
598 3417 733 3484 iniectum,
751 3427 778 3471 et
795 3421 821 3472 in
832 3426 986 3489 potentateur
997 3419 1147 3472 Hunnorum
1157 3417 1304 3480 redactae,
1324 3416 1357 3468 ed

281 3501 393 3538 omanem
404 3485 522 3538 ditionem
534 3487 691 3540 traduxerat.
726 3487 754 3540 in
775 3489 826 3540 illie
844 3489 962 3558 partibor
975 3495 1016 3540 eet
1026 3487 1114 3556 Dory,
1132 3486 1258 3538 maritime
1268 3485 1356 3554 regioe

254 3553 298 3607 ubi
310 3553 343 3606 eb
358 3555 411 3606 enti
430 3571 462 3608 uo
477 3555 570 3607 Gottlri
583 3555 714 3623 habitent,
731 3558 775 3626 qui
788 3555 976 3610 Theodericum
987 3563 1116 3626 petentem
1128 3555 1225 3608 lteiiurn
1237 3571 1288 3607 non
1300 3561 1358 3605 runt

255 3623 353 3688 reontip
371 3633 398 3677 et
411 3571 447 3676 iii
463 3632 554 3694 oponte
572 3625 707 3691 restitere,
725 3635 752 3680 et
762 3627 934 3680 Romanorum
945 3627 994 3678 heo
1011 3625 1086 3677 etiem
1098 3631 1184 3676 oetete
1200 3624 1278 3688 eonii,
1296 3624 1358 3693 ipsiu

254 3693 387 3747 militarem
408 3711 512 3762 operere
528 3694 556 3746 iu
575 3693 779 3764 expeditionibus
798 3701 911 3761 nerent,
928 3695 1028 3763 quondo
1047 3695 1121 3747 lubet
1135 3693 1299 3762 imperatorie
1319 3701 1359 3745 ter

254 3761 323 3816 miiie
340 3777 459 3828 numero,
483 3761 619 3816 belietorer
638 3763 741 3833 optimi,
764 3763 890 3832 iidemque
906 3762 985 3832 ςπενί
1006 3763 1151 3831 agricolae,
1172 3770 1200 3814 et
1217 3762 1359 3816 mortalium

254 3831 364 3885 omniun
381 3847 443 3900 erge
462 3832 576 3901 hoepitee
596 3831 775 3884 humenieeimi.
811 3832 885 3885 Heeo
902 3839 987 3885 eutem
1004 3832 1074 3898 regio
1087 3831 1176 3900 Dory,
1194 3832 1246 3884 ritu
1259 3831 1359 3902 quidem

256 3899 342 3964 edite,
359 3917 410 3952 non
429 3905 513 3952 temen
531 3917 620 3972 erpere
631 3901 727 3954 durere
744 3905 800 3966 eet3
818 3899 864 3953 eed
875 3901 958 3965 bone,
975 3899 1129 3982 optimieque
1139 3901 1259 3968 frugibus
1271 3903 1359 3953 seren

256 3967 283 4020 in
295 3984 346 4036 quo
356 3985 405 4020 neo
415 3969 547 4022 cantellum
559 3984 662 4038 nequem
675 3985 722 4022 nec
732 3969 852 4040 oppidum
865 3969 978 4021 condidit
989 3979 1136 4038 imperator.
1174 3971 1277 4039 Quippe
1287 3968 1360 4019 ineo·

256 4037 384 4089 leomeris
396 4037 478 4089 ciendi
497 4053 547 4088 non
559 4039 699 4103 sustinent,
717 4038 769 4089 ruri
785 4053 886 4106 semper
898 4037 1015 4090 debitore
1026 4037 1168 4105 geodeotee
1185 4040 1264 4090 ooioe.
1299 4035 1359 4098 Qua

213 4168 220 4180 ,
256 4120 319 4157 vero
331 4105 407 4156 facile
419 4121 450 4156 eo
465 4106 591 4176 penetrari
605 4123 681 4174 poeee
692 4105 836 4170 videbatur,
854 4105 932 4158 rourie
944 4105 1026 4174 longis
1040 4107 1130 4159 muniit
1140 4107 1234 4170 edituo,
1251 4103 1360 4158 τιθαι-

255 4171 316 4226 thoe
325 4173 358 4224 eb
370 4173 478 4225 hostiurn
490 4175 672 4242 irruptionibue
683 4191 787 4227 eeooroe
817 4175 935 4228 reeetitit.
972 4177 1047 4228 Heeo
1062 4177 1193 4229 hecteooe.

327 4240 472 4294 Anchieiuor
483 4243 600 4295 Threoeo
619 4243 747 4308 incolunt,
767 4259 797 4295 ur
815 4259 854 4296 ere
866 4243 1014 4298 πται-λείπεται
1029 4245 1054 4297 in
1073 4245 1158 4296 iittore
1171 4241 1243 4312 ponti
1255 4240 1358 4294 Euxini.

234 4347 239 4358 .
257 4308 329 4363 illiue
340 4307 440 4378 quidem
451 4311 545 4364 ruendo
556 4327 602 4365 ruo
613 4311 671 4366 loeo
682 4311 806 4365 inuideret
817 4311 844 4366 iu
855 4312 1025 4386 deeoriptiooe
1037 4312 1180 4369 Threoieer
1197 4310 1245 4365 red
1256 4311 1361 4381 quendo
1415 4367 1419 4376 ,
