3066 4834
7 1069 34 1152 3.

551 263 850 354 ossemanno
874 283 915 354 u.
941 283 978 358 ο.
1094 259 1098 266 ’
1229 287 1305 358 ουν

140 461 145 472 ’
210 451 357 541 σοίμενος,
388 451 423 524 δν
450 455 546 522 δοάκα
572 461 715 537 καλοῦσι,
746 459 878 542 διηνεκές
899 457 1036 524 Inseritur
1056 452 1304 543 καθιζησάμενον,

210 560 353 648 ἀποχρῶν
375 556 580 650 φυλακτήριον
607 563 766 645 πεποίηκεν
789 559 863 626 εἶναι
891 567 932 649 τῇ
958 567 1014 646 τῆς
1037 565 1187 639 πολιτείας
1214 563 1305 650 ἀρχῇ.

210 667 262 728 καί
285 663 321 729 τὸ
336 669 496 746 βαλανεῖον
516 665 565 744 δέ,
587 660 660 751 ὅπερ
682 667 816 757 δημοσίρι
830 666 885 749 τὴν
898 667 1004 752 χρείαν
1019 675 1083 742 τοῖς
1098 668 1171 752 τῇδε
1187 663 1306 754 ῷκημί-

208 791 273 843 νοις
296 768 471 854 παρέχεται,
498 763 642 852 ἀνόνητον
663 766 742 844 ὅλως
756 775 794 854 τῇ
808 775 863 834 τοῦ
878 773 1018 851 ποταμοῦ
1039 769 1167 854 ἐπιρροῇ
1184 794 1306 856 γεγενη-

184 871 299 952 6μένον
320 873 446 958 ἐνεργεῖν
465 897 499 937 τε
520 870 561 936 τὰ
582 872 793 954 ξννειθισμίνα
815 871 913 938 οὐκέτι
934 870 1019 955 ἔχον,
1042 871 1073 948 ές
1088 871 1140 936 τὸν
1158 877 1211 936 νῦν
1232 871 1306 938 ὄντα

206 973 354 1057 μετέθηκε
375 971 499 1058 κόσμον.
551 971 609 1040 ὅσα
624 975 680 1057 μίν
695 975 753 1064 γὰρ
771 974 865 1041 αάτοῦ
886 975 1075 1061 ἀποκρίματα
1089 971 1236 1062 πρότερον
1257 979 1305 1050 ἰαί
1321 985 1350 1038 Η
1366 986 1399 1040 21

207 1084 336 1164 στερρᾶς
352 1083 408 1160 τῆς
422 1079 596 1160 οἰκοδομίας
610 1074 727 1144 ἑστῶτα
742 1078 821 1145 κατὰ
836 1077 871 1144 τδ
886 1085 929 1166 τῷ
947 1083 1066 1164 λουτρῷ
1078 1083 1117 1164 τῇ
1129 1081 1219 1168 χρείη
1234 1081 1251 1156 ξ
1288 1119 1305 1132 -

206 1189 288 1245 οῖοον
309 1173 368 1276 (nir
380 1181 419 1265 δὴ
437 1180 542 1268 ίνερθε
557 1179 593 1246 εδ
614 1188 675 1270 πῦρ
692 1185 823 1262 καίεται,
851 1177 1046 1267 χυτράποδάς
1059 1205 1091 1245 τε
1105 1186 1207 1246 καλεῖν
1224 1182 1303 1248 αάτά
1320 1190 1343 1244 Ρ
1360 1191 1395 1246 40

205 1285 403 1368 νενομίκασι),
425 1291 522 1349 ταῦτα
536 1283 575 1368 δὴ
594 1282 713 1350 ἅπαντα
727 1291 766 1372 τῇ
783 1293 838 1351 τοῦ
852 1283 964 1365 ὕδατος
982 1286 1108 1370 ἐπιρροῇ
1125 1283 1306 1366 ἀποκείμενα

166 1393 199 1448 10
206 1383 343 1472 πρόσθεν
359 1383 465 1473 εὑρὼν,
490 1389 540 1452 καί
554 1387 609 1452 ἀπ’
627 1388 722 1454 αὐτοῦ
737 1388 792 1472 τὴν
803 1391 911 1474 χρείαν
923 1393 968 1476 τῷ
982 1388 1133 1475 βαλανείῳ
1151 1389 1306 1476 διεφθαρ-

132 1513 134 1521 “
204 1491 314 1573 μένην,
364 1495 462 1556 λίθοιν
488 1492 545 1574 μέν
570 1489 663 1569 αάτάς
692 1489 869 1572 έμπεδῶσας
892 1492 1048 1574 ἐπιβολαῖς
1075 1489 1134 1556 ὅσα
1159 1489 1305 1576 πρότερον

205 1592 394 1680 ἀπεκρέματο
401 1642 412 1674 ,
437 1585 514 1681 ᾗπίρ
527 1618 581 1678 μοι
598 1594 730 1680 εἴρηται,
756 1591 860 1680 ἑτέραν
876 1592 1073 1681 καθύπερθεν
1088 1591 1305 1678 ἀποκρεμάσας

205 1699 398 1778 οἰκοδομίαν,
421 1701 474 1762 ἵνα
495 1699 533 1781 δὴ
556 1694 716 1783 ἀπρόσοδα
737 1703 780 1784 τῷ
794 1703 921 1783 ποταμῷ
937 1697 1034 1774 ἔστιν,
1060 1693 1233 1760 ἀνεσώσατο
1247 1695 1304 1776 τὴν

205 1799 326 1864 ἐνθένδε
342 1797 509 1865 εάποίθειαν
529 1809 593 1876 τοῖς
612 1801 682 1885 τῇδε
698 1807 854 1886 φρουροῖς.
902 1796 942 1862 τά
954 1799 1010 1880 μέν
1025 1789 1079 1864 οὖν
1097 1798 1135 1880 δὴ
1152 1797 1207 1862 sori
1222 1801 1304 1884 Κιρ-

164 1903 310 1984 16κησίου
328 1903 359 1978 ές
371 1899 456 1968 τόνδε
469 1901 523 1967 τὸν
533 1899 646 1990 τρόπον
662 1901 913 1988 δεδημιούργηται
927 1909 970 1990 τῷ
984 1907 1108 1984 βασιλεῖ
1116 1898 1224 1988 τούτῳ.

305 2005 400 2070 Meni
420 2007 453 2070 δέ
474 2005 508 2070 τδ
528 2002 697 2092 Κιρκῆσιον
714 2003 865 2093 ’φρούριόν
887 2006 950 2070 ἐστι
975 2003 1121 2082 παλαιὸν,
1142 1999 1303 2079 Ἀννοάκας

203 2104 319 2190 ὄνομα,
347 2099 439 2196 οὗπερ
464 2111 593 2196 ἓρείπιον
613 2109 649 2175 τὸ
672 2117 770 2191 τεῖχος
789 2105 886 2197 εδράν
908 2105 987 2172 οὕτω
1007 2109 1046 2192 δὴ
1067 2111 1303 2198 μεγαλοπρεπῶς

203 2209 459 2300 ἀνῳκοδομήσατο
476 2211 687 2290 Ἰουοτινιοίνδς
698 2211 841 2296 βασιλεδς
861 2208 903 2288 ὥς
918 2212 997 2295 μηδὲ
1012 2218 1073 2278 τῶν
1091 2236 1172 2286 τινος
1188 2214 1301 2297 inrua—
1317 2215 1341 2270 B

202 2313 354 2380 νεστάταιν
375 2314 491 2382 πόλεων
515 2313 717 2403 δχυραίματος
737 2317 805 2402 πέρι
826 2315 866 2380 τὰ
888 2317 1039 2401 δευτερεῖα
1061 2314 1095 2378 ἰδ
1118 2313 1222 2378 λοιπὸν
1245 2315 1304 2399 φί-

160 2423 338 2503 λδρεσθαι.Ι
376 2417 480 2507 τρόπῳ
495 2419 528 2483 δὲ
540 2424 585 2508 τῷ
600 2418 684 2507 αὐτῷ
695 2421 745 2482 καί
763 2417 803 2482 sti
817 2413 964 2504 φρούρια,
993 2415 1105 2498 ὅοαδὴ
1121 2418 1201 2502 ἀμφὶ
1216 2414 1303 2480 πόλιν

206 2517 460 2586 Θιοδοσιοάπολιν
478 2531 588 2598 κεῖται,
613 2520 653 2586 sci
676 2522 731 2601 μέν
747 2519 901 2602 ἀτείχιστα
921 2516 1068 2607 πρότερον
1091 2516 1180 2596 ὄντα,
1206 2517 1245 2584 τά
1267 2519 1302 2582 δέ

201 2629 289 2712 πηλῷ
311 2649 344 2689 τε
368 2626 418 2688 καὶ
435 2631 472 2710 τῇ
491 2625 612 2690 ἐνθένδε
630 2625 827 2714 γελωτοποιία
848 2624 1050 2705 τετειχισμένα
1065 2623 1211 2703 αἱμασιαῖς
1228 2619 1301 2708 τρό-
1381 2691 1384 2698 .

201 2752 276 2806 πον,
303 2725 422 2814 φοβεροί
442 2753 474 2792 τε
493 2733 584 2793 τανῦν
603 2729 654 2792 καὶ
675 2726 710 2792 τδ
729 2725 875 2814 παράπαν
891 2724 1073 2814 ἀπρόσβατα
1087 2735 1150 2802 τοῖς
1168 2727 1301 2789 ἐπιοῦσιν

204 2827 382 2918 είργάσατο·
408 2827 442 2894 τό
464 2856 497 2895 τι
517 2831 744 2914 Μαγδαλαθιάν
767 2830 823 2894 οδν
849 2828 962 2914 ἕτέροιν
984 2831 1068 2894 δυοῖν
1073 2875 1084 2905 ,
1107 2825 1183 2914 ἀπερ
1206 2827 1302 2891 αάτοῦ

160 2929 394 3019 ῖὸἕκατίρωθεν
414 2930 554 3017 τυγχάνει
573 2930 662 3012 ὄντα,
687 2934 737 2996 καί
755 2929 942 3018 Θαννοάριος
959 2927 1033 3011 δύο,
1056 2927 1166 3016 μικρόν
1189 2955 1221 2993 τε
1249 2931 1301 2992 καὶ

201 3195 267 3250 euim
279 3195 388 3265 voesnt)
403 3193 450 3318 flul
461 3193 515 3249 illio
526 3210 627 3270 semper
642 3199 747 3264 ageret3
763 3195 855 3250 idoneo
867 3193 995 3267 praesidio
1005 3193 1108 3264 primam
1115 3207 1191 3246 orara
1200 3189 1301 3261 imperil

201 3265 370 3320 confirmavit.
428 3265 525 3318 alneum
539 3281 640 3336 quoque
650 3265 793 3336 publicum,
811 3281 861 3350 quo
873 3272 978 3318 utuntur
989 3263 1104 3328 incolae,
1123 3278 1179 3316 enm
1192 3275 1298 3330 prorsus

200 3336 289 3389 inutile
307 3336 405 3404 allapsu
418 3335 527 3388 fluminis
543 3335 683 3400 evasisset,
699 3351 747 3388 neu
759 3335 841 3388 solitas
852 3335 939 3388 usibus
955 3333 1052 3386 servire
1071 3339 1173 3400 posset,
1191 3331 1216 3383 in
1233 3347 1300 3394 eum,

201 3421 276 3475 quem
287 3405 364 3458 habot
375 3404 459 3468 modo,
475 3409 591 3457 ornatum
601 3403 723 3457 restituit.
764 3405 840 3466 Quae
852 3403 917 3456 enim
929 3403 998 3472 prius
1010 3419 1087 3471 supra
1097 3399 1255 3465 furunculus,
1273 3399 1300 3450 in

201 3476 293 3543 quibus
304 3474 369 3542 ignis
381 3473 470 3540 ardet,
488 3489 534 3542 pro
547 3471 682 3526 lavationis
694 3473 839 3526 oommodae
849 3471 957 3534 ratione,
975 3470 1055 3523 solida
1067 3469 1165 3521 fabrica
1175 3484 1301 3538 suspensa

200 3551 275 3596 mant
294 3541 480 3614 (chytropodas
496 3540 574 3610 vulgo
591 3541 732 3610 appellant)
753 3543 816 3594 haee
836 3541 919 3593 omnia
937 3539 1075 3610 profluenti
1093 3537 1223 3606 exposita,
1239 3553 1300 3588 cor-

201 3621 353 3682 ruptamque
364 3629 440 3664 saa-re
458 3610 543 3663 balnei
560 3611 693 3664 utilitatem
710 3610 861 3666 offenderat.
896 3609 984 3672 Quare
1002 3613 1128 3660 structura
1139 3606 1239 3674 lapidea
1252 3605 1301 3656 fir-

202 3680 275 3732 matis
285 3681 326 3746 iis,
343 3697 409 3749 quae
420 3680 499 3752 prius,
515 3685 545 3732 ut
556 3680 622 3745 dixi,
642 3679 800 3752 pendebant,
817 3679 856 3731 lais
868 3677 930 3730 alias
941 3692 1107 3745 suspensuras
1121 3675 1248 3742 imposuit,
1265 3672 1300 3726 ad

125 3755 129 3764 ’
202 3764 266 3830 quas
277 3749 422 3818 pertingere
433 3748 527 3801 fluvius
537 3749 635 3818 nequit.
670 3749 729 3812 Quo
741 3748 823 3812 lacto,
843 3746 1039 3799 oblectationem
1051 3743 1109 3796 inde
1126 3743 1183 3810 oapi
1199 3743 1300 3794 solitam
1394 3743 1397 3767 ⁸

201 3818 313 3870 rastrtuit
322 3817 502 3888 praesidiariis.
529 3817 681 3886 Haeserunt,
698 3833 765 3887 quse
775 3816 915 3886 imperator
927 3821 1016 3868 noster
1026 3813 1171 3867 aedificavit
1182 3809 1298 3862 Circesii.

271 3885 336 3938 Post
347 3886 486 3940 Circesium
499 3892 687 3952 ast-Annaeus,
706 3891 781 3944 notus
799 3885 945 3952 castellum,
964 3883 1035 3936 ouius
1051 3897 1135 3934 muros
1148 3879 1299 3930 iustinianus

200 3957 267 4022 Aug.
287 3969 343 4006 oum
363 3955 498 4008 semirutos
517 3955 697 4026 comperisset,
717 3955 783 4008 adso
800 3953 934 4022 magnilica
952 3950 1119 4014 instauravit,
1137 3956 1165 4000 ut
1182 3949 1204 4001 si
1217 3949 1300 4001 murni-

138 4079 164 4094 ἣ
200 4030 286 4077 menta
307 4029 423 4092 spectes,
443 4024 666 4078 illustrissimorum
684 4023 782 4076 urbium
802 4023 862 4076 nulli
882 4020 1012 4074 concedat.
1055 4017 1178 4070 Similiter
1193 4017 1300 4070 castella

200 4093 284 4147 omnia
294 4091 496 4162 Theodosiopoli
511 4095 687 4158 circumiecta,
704 4109 809 4162 quorum
826 4093 877 4146 alia
893 4083 1120 4154 mensurantis,
1139 4086 1250 4140 alialuto
1263 4086 1300 4137 ri-

200 4161 334 4232 dendaque
344 4159 451 4214 materia
460 4161 486 4213 in
498 4163 624 4217 maserias
634 4163 735 4216 modum
746 4169 822 4232 septa
834 4157 923 4226 εοεαε,
933 4159 1004 4213 'talia
1014 4157 1063 4210 iam
1075 4157 1153 4226 lecit,
1171 4161 1200 4207 ut
1217 4163 1300 4208 terro-

200 4249 253 4284 rem
274 4230 411 4300 obiioiaut,
430 4245 576 4300 omnemque
594 4231 688 4284 aditum
707 4237 802 4314 negent
820 4245 969 4354 οηιριιχοατο
988 4225 1141 4282 volantibus.
1180 4224 1221 4276 Ea
1240 4227 1300 4276 sunt

200 4299 394 4370 Magdalathum
407 4315 464 4354 eum
479 4297 577 4356 duobus
595 4300 665 4368 aliis,
680 4301 717 4386 illl
730 4299 826 4356 hmoia
844 4315 885 4354 ea
904 4297 976 4364 sitis,
995 4302 1022 4350 et
1032 4305 1166 4364 utrumque
1176 4295 1300 4347 Thannu-
