2960 4824
513 275 655 344 NOTAE
680 275 903 348 amatum
1172 274 1253 350 421

158 443 237 502 nulli
258 437 358 500 eidem
379 439 510 502 fuerunt.
552 439 655 500 Sancti
670 440 768 502 Sabae
787 441 925 520 precibus
942 459 981 499 ne
1003 443 1052 501 rel
1072 461 1169 504 uuum
1184 444 1253 523 qai-

158 527 244 602 dem,
266 538 299 585 ut
319 525 397 584 inira
419 523 568 602 dicemus,
594 529 754 606 impetrare
774 528 872 604 potuit
892 542 1007 590 matam
1028 531 1113 606 regni
1134 547 1254 589 succes-

157 633 266 673 sorem.
308 613 353 670 lla
372 613 437 691 ipsa
454 611 587 669 ioemiua
607 623 795 692 praemature
817 613 900 688 obiit,
921 621 1011 692 atqua
1034 616 1126 672 etiam
1145 611 1252 673 Theo-

157 696 346 758 domnitam
366 697 466 756 amisit
487 698 692 778 quinquennio
714 708 876 776 antequam
898 699 1001 778 quinta
1023 697 1155 778 synodus
1169 701 1252 758 Gon-

14 775 17 782 ’
97 839 99 847 ,
157 782 349 862 stantinopoli
376 781 590 856 celebraretur,
620 784 704 842 cuius
734 791 832 861 patres
861 803 880 841 a
908 780 1169 863 Pseudogctdianc
1195 783 1251 842 ills

156 871 250 926 vitam
274 864 454 926 Theodorus
485 867 648 947 liberisque
677 870 741 927 eius
771 877 927 950 precautes
953 866 1147 928 inducuntur.
1188 867 1251 930 Sed

156 953 234 1012 inira
253 955 340 1032 plura
360 951 399 1012 ds
418 952 540 1010 illarum
562 953 755 1032 epistolarum
777 956 953 1032 irnpostura.

237 1039 272 1096 P.
293 1039 352 1112 81,
374 1040 406 1105 6.
449 1037 641 1096 Monachum
665 1035 720 1096 deo
747 1040 909 1116 insigniter
932 1035 1078 1117 gratum]
1109 1038 1253 1097 Zosimus

154 1123 200 1180 vir
219 1125 355 1198 eximus,
380 1123 465 1181 usius
486 1118 603 1182 diversa
625 1126 788 1182 sanctitatis
809 1133 1004 1183 monuments
1025 1123 1149 1200 exponit
1166 1123 1251 1182 ara-

153 1209 237 1286 griue
256 1209 280 1266 l.
300 1205 322 1269 4
343 1227 370 1268 c.
390 1209 411 1270 7
439 1227 456 1264 e
476 1209 569 1286 Lycia
593 1205 758 1282 destinatus
786 1217 831 1266 est
852 1205 891 1266 ad
911 1208 1126 1280 lastinianum,
1155 1215 1189 1265 at
1216 1209 1249 1265 in

152 1293 265 1351 novell.
288 1291 308 1355 5
330 1312 356 1350 c.
377 1293 410 1354 2.
454 1291 547 1352 Sabas
568 1291 661 1352 homo
683 1293 807 1352 celebris
829 1293 1043 1352 sanctimoniae
1064 1311 1083 1350 a
1102 1291 1250 1350 Palaesti-

65 1451 69 1466 .
153 1379 200 1434 nis
223 1374 413 1451 advermdem
434 1386 479 1436 est
499 1378 660 1456 allegatus,
689 1389 723 1437 ut
753 1377 854 1436 scribit
874 1378 1006 1458 Gyrillus
1026 1373 1250 1456 scyuopoltn-

152 1479 228 1520 nus:
258 1463 333 1520 item
359 1463 422 1522 alii.
464 1460 667 1542 ΕιιιΙιγιιιίιιι,
693 1459 902 1538 Theodosius,
930 1463 1042 1543 aliique
1069 1461 1249 1520 amatissimi

151 1543 293 1605 monachi
313 1547 369 1606 sub
386 1548 550 1607 lastiniauo
567 1549 744 1608 florusmnt:
765 1548 878 1607 nonius
898 1557 1002 1606 tamen
1020 1547 1118 1605 fixum
1137 1565 1250 1606 noman

152 1634 300 1712 expressit
319 1633 496 1712 Procopius.

236 1719 272 1776 Ρ.
292 1716 343 1791 88,
363 1721 394 1781 7.
434 1717 721 1776 Muruuetiesimurn
747 1713 882 1774 hominu
908 1713 1087 1798 ingenium]
1120 1715 1197 1774 Cum
1218 1716 1251 1772 in

151 1799 275 1882 reliquis
297 1800 512 1882 pertractandis
531 1802 670 1880 nogotiis,
692 1811 760 1860 ιιιιιι·
777 1801 912 1860 maxime
932 1803 965 1859 in
988 1797 1251 1879 disputationibus,

150 1886 272 1966 quando
291 1885 458 1966 temperare
479 1888 610 1946 calorem
629 1889 755 1965 ingeniiq-
773 1887 922 1966 impetum
936 1887 1109 1964 reprimere,
1129 1883 1248 1964 sibique

150 1973 297 2050 imperare
323 1991 471 2052 perquam
497 1971 620 2031 difficile
648 1981 706 2030 est.
747 1975 816 2052 lpse
840 1969 878 2030 de
904 1990 938 2032 se
960 1971 1142 2030 lastinianus
1166 1965 1252 2048 apud

147 2059 356 2116 Innocentium
369 2058 579 2116 Musonianum
592 2050 749 2136 aequalem
770 2075 876 2115 suum.
916 2054 1120 2135 chrwvists‘e,
1137 2055 1247 2134 inquit,

147 2143 275 2222 quantia
290 2141 554 2222 propositionibus
574 2140 839 2221 rationabilibus,
863 2149 893 2200 et
909 2140 1051 2221 pacificis
1073 2157 1144 2198 curn
1164 2140 1254 2198 omni
1348 2205 1349 2208 Ἴ

101 2262 106 2270 -
146 2225 380 2288 mansuetudine
403 2238 432 2286 et
453 2228 611 2310 patierstia
626 2227 761 2306 prolatis
788 2247 810 2285 a
829 2225 919 2286 nobis
941 2227 1118 2305 [spiscopus.
1135 2222 1247 2283 Philo-

146 2331 242 2372 eenus
265 2332 435 2390 persuasus
461 2323 513 2374 eet.
556 2313 620 2382 Qua
648 2308 880 2372 mausuetudine
908 2307 983 2372 adeo
1009 2319 1160 2389 praestare
1187 2308 1250 2371 sibi
1278 2341 1299 2359 υ

148 2399 212 2474 ipse
234 2397 406 2470 ridebatur,
435 2406 469 2452 ut
494 2397 659 2473 Episcopus
687 2398 767 2452 iuter
788 2393 1002 2472 disputandum
1022 2391 1151 2452 adeam
1171 2389 1245 2454 bor·

147 2482 335 2539 sedveritus
355 2499 417 2540 non
437 2482 494 2552 ιιι,
516 2474 600 2558 qaod
618 2476 701 2555 idem
721 2479 913 2538 blarcnianns
933 2479 1099 2556 Episcopus
1120 2477 1222 2536 miert.
1323 2480 1324 2490 ’

199 2545 204 2571 ’
231 2565 267 2624 Ρ.
288 2561 340 2638 83,
365 2568 415 2628 10.
458 2559 676 2622 Sacerdotibus
695 2559 898 2642 indulgebat]
928 2561 995 2620 Non
1021 2561 1122 2620 solum
1147 2561 1246 2620 ali'eua

28 2647 31 2668 ’
148 2649 378 2729 occupantibus,
401 2657 435 2706 ut
454 2645 507 2708 hic
525 2656 645 2722 narrat,
667 2657 697 2706 et
715 2645 795 2708 iufra
816 2648 1054 2706 Emessenosuna
1071 2645 1249 2705 clericorum

14 2747 16 2760 '
147 2735 290 2815 exemplo
319 2725 469 2814 explicate
501 2729 559 2793 sed
586 2733 677 2792 etiam
705 2733 1042 2811 commanopolnaais
1069 2727 1251 2810 patriarchis

150 2821 341 2880 Oecmnenici
366 2837 479 2877 nomen
497 2836 554 2897 per
573 2837 724 2879 summam
743 2820 951 2878 Romanorum
967 2815 1142 2896 pontificum
1162 2817 1245 2872 inia-
1297 2859 1299 2863 .

147 2907 224 2962 riam
247 2903 473 2983 aucupantibus.
515 2901 603 2976 Quod
625 2921 694 2960 curn
720 2903 835 2982 primus
855 2903 982 2959 Ioannes
1003 2898 1168 2979 dappadox
1188 2917 1244 2956 aa·

147 3009 199 3048 sus
220 2987 344 3063 faueat,
370 2990 435 3068 ipsa
458 2987 511 3067 qui
537 2997 603 3046 tum
622 2988 741 3046 lustina
768 2985 918 3046 avunculo
940 2987 1104 3066 superstite
1119 3001 1243 3062 rempu-

148 3075 259 3132 blicam
290 3071 517 3133 administrabat
548 3091 645 3153 aequo
677 3074 778 3130 anima
814 3071 909 3146 tulit,
943 3066 1056 3128 deiude
1082 3069 1244 3148 imperium

147 3157 283 3238 adeptus,
306 3169 404 3217 ratum
422 3167 600 3238 gratumque
619 3155 743 3230 habuit,
764 3155 888 3236 suisque
905 3153 1023 3234 legibus
1041 3154 1247 3234 perniciosum

146 3263 258 3304 nomen
279 3245 440 3322 inscripsit.
481 3245 579 3316 Quare
598 3241 804 3304 iurisconsulti
820 3239 924 3302 mutis
945 3248 1069 3319 parcam
1094 3239 1242 3316 intecprs·
1258 3243 1281 3296 Α
1297 3239 1330 3298 71

146 3329 318 3402 lotionibus,
340 3347 411 3386 cum
427 3328 617 3390 oecumenici
636 3345 747 3388 nomen
766 3323 1094 3404 Constantinopolitano
1114 3325 1242 3402 patriar-

146 3411 221 3474 chae
242 3415 427 3474 attributum.
468 3415 504 3471 ln
524 3413 689 3472 Iustiniani
702 3410 961 3472 mediationibus
981 3405 1146 3467 offendunt.
1217 3431 1219 3438 ’

228 3501 264 3558 Ρ.
286 3502 344 3572 83,
370 3501 419 3560 ta.
462 3499 498 3556 Si
524 3493 648 3576 quando
676 3492 857 3554 huiuamodi
885 3511 1000 3551 caueae
1030 3487 1240 3573 cognosceret]
1258 3499 1281 3552 Ρ
1298 3497 1345 3552 nr

148 3581 263 3642 Eadem
290 3581 413 3642 licentia
446 3600 550 3642 causas
583 3581 850 3642 ecclesiastieorum
878 3577 1059 3638 lastinianus
1090 3577 1239 3654 cognovit,

148 3685 208 3746 qua
234 3665 342 3727 iisdem
370 3669 455 3746 leges
482 3665 682 3746 praescribere
711 3683 802 3725 ausus
830 3671 892 3738 ιιι,
927 3681 985 3721 uec
1010 3661 1109 3722 solum
1137 3660 1238 3719 civiles

147 3769 271 3825 cauam,
290 3751 344 3810 sed
365 3755 457 3812 etiam
476 3751 630 3829 religionis
652 3761 681 3809 et
703 3749 916 3810 controversiae
938 3744 976 3804 de
996 3743 1055 3804 fida
1075 3745 1134 3806 sibi
1153 3758 1246 3803 saun·-

146 3837 217 3917 psit,
235 3833 459 3918 gaudebatque,
479 3846 513 3894 ut
526 3835 688 3895 Liberatus
710 3838 761 3909 ait,
782 3855 814 3892 ee
834 3829 871 3890 de
891 3829 1009 3889 talibus
1027 3831 1133 3888 causis
1152 3824 1238 3885 indi.

146 3922 232 3980 οἰιιιιι
242 3921 342 4000 fimi
364 3921 438 3982 adeo
457 3931 492 3979 ut
513 3920 550 3978 ab
572 3920 717 3998 episcopis
736 3915 952 3996 iaepenurnero
973 3915 1100 3994 scriptu,
1122 3912 1237 3991 gravia

147 4008 292 4086 eimisqae
316 4007 431 4080 verbis,
463 4016 492 4064 et
512 4005 642 4064 aliorum
663 4005 824 4064 (laesarum
844 4001 984 4080 exemplo
1003 3999 1139 4060 inanitus
1159 3994 1237 4056 stibii

146 4093 278 4152 cesserit.
318 4089 484 4151 *Facemdus
512 4091 767 4151 Herminiausmsis
796 4085 1010 4148 duodecimum
1038 4087 1102 4144 eius
1137 4083 1235 4162 operis

145 4177 256 4236 librum
278 4173 360 4256 quod
381 4173 419 4234 dc
440 4177 533 4235 tribus
555 4175 699 4256 capitibus
719 4173 884 4232 Iustiniana
905 4169 1101 4250 nuncuparit,
1124 4167 1157 4226 in
1176 4165 1235 4226 hcc
1345 4207 1349 4215 -

147 4272 360 4342 argumentum
378 4262 510 4320 insumit.
553 4263 600 4321 lix
620 4279 679 4342 quo
701 4257 777 4318 libro
798 4257 925 4339 paucula
947 4254 1077 4316 delibare
1098 4251 1138 4312 ad
1158 4249 1235 4312 banc
1274 4249 1277 4256 '
