2992 4826
249 252 329 350 sec,
508 267 511 276 ·
597 253 643 322 ue
668 253 778 322 msr.
804 251 1000 320 recensu

246 417 413 504 gerendam
439 429 548 500 aptae,
582 416 705 506 deponit
731 419 909 498 imperium,
941 418 1118 479 laeticiam
1144 419 1260 478 sororis
1281 415 1367 495 filio

249 507 394 588 Augusto
417 509 591 588 comtituto,
614 507 668 585 qai
688 515 755 566 team
775 515 839 564 erat
852 506 1016 584 patriciam,
1038 503 1190 576 eccon-ml,
1210 501 1368 561 militiae-

251 615 311 676 que
339 593 500 675 magister,
530 601 559 650 et
586 593 664 650 serio
692 593 758 650 mm
772 589 934 672 publicam
953 601 1073 672 ceperat
1093 608 1196 648 rerum
1217 586 1366 648 admini-

251 681 440 743 etrotr'creem.
481 669 558 752 Vide
580 695 657 758 quae
676 677 848 743 nouumus
870 674 910 736 ud
930 697 961 758 p·
978 679 1018 741 29
1040 675 1094 736 lin.
1114 675 1166 738 16.
1357 730 1360 738 .

335 756 511 838 1².66,14.
558 757 730 823 Nemeum
749 765 827 826 viris
848 763 1012 822 senatoriis
1038 757 1143 842 (quod
1161 760 1279 840 prisca·
1293 757 1366 838 Iege

251 860 382 912 cautum
402 853 462 922 eet)
484 867 605 910 morem
626 844 733 910 ducere
752 850 935 908 meretricem
956 867 1019 908 nort
1039 847 1139 924 meae]
1169 845 1366 914 Constantini

251 938 396 1016 retempto
418 933 458 1008 ad
478 933 658 1013 Gregorium
682 931 705 994 l.
728 935 758 998 1.
786 933 889 995 Senat-
919 953 946 994 c.
968 931 1006 992 de
1027 943 1089 994 nat.
1111 931 1172 990 libe
1193 940 1223 990 et
1244 929 1365 990 Voleu-

252 1023 360 1081 tinieui
387 1039 423 1078 oc
448 1019 589 1078 Mertieni
616 1015 656 1078 ad
677 1015 858 1082 Palladium.
880 1019 903 1080 l.
925 1023 947 1085 7
969 1039 995 1078 c.
1016 1013 1055 1078 d'e
1077 1020 1182 1080 incest.
1205 1026 1235 1074 et
1255 1015 1365 1076 inutil.

251 1117 339 1188 nupt.
369 1106 528 1181 Senatores
548 1127 603 1166 eea
619 1107 801 1188 proficias,
821 1105 872 1165 ael
889 1126 966 1188 pace
986 1107 1020 1166 ia
1042 1102 1222 1164 civitatibus
1243 1097 1367 1160 ὀπωπ-

251 1193 400 1267 t’t'rilitas,
420 1191 470 1252 ael
488 1188 664 1270 sacerdotii,
685 1187 722 1250 td
740 1201 794 1266 est,
814 1189 1087 1260 Phoeniciarchiae
1103 1189 1151 1250 vel
1164 1187 1368 1265 Syriarclee'ae

254 1287 435 1341 omamrnta
461 1267 676 1354 corideccrant,
702 1276 807 1358 placet
828 1275 986 1336 maculam
1006 1275 1108 1344 subire
1133 1273 1301 1348 infamiae.
1333 1281 1369 1330 et

254 1365 373 1423 clance
396 1384 418 1422 a
437 1363 591 1423 Romanu
618 1361 739 1444 legibue
754 1361 841 1441 fieri,
870 1364 900 1420 ei
928 1383 963 1422 ec
988 1362 1124 1436 ancilla,
1149 1360 1199 1420 vel
1226 1357 1367 1416 ancum·
1479 1392 1486 1416 v

244 1449 345 1532 filia,
371 1447 569 1522 celtiberia,
596 1449 646 1508 vel
664 1447 790 1508 libertae
801 1447 897 1526 fitia,
924 1447 973 1506 ael
991 1449 1128 1526 scenica,
1157 1443 1206 1504 ael
1223 1446 1368 1504 semmae

245 1536 333 1617 fllia,
355 1533 405 1594 ael
424 1533 612 1612 tabernaria,
636 1534 685 1593 vel
706 1533 901 1596 tabernariae
911 1531 998 1612 fllia,
1019 1533 1070 1592 cel
1087 1531 1215 1606 humili,
1237 1529 1287 1588 cel
1305 1527 1366 1588 ab·

205 1645 207 1650 ’
251 1624 332 1682 iectu
347 1640 497 1700 persona,
521 1619 572 1680 cel
590 1619 740 1697 breonis,
763 1629 819 1680 aut
838 1619 987 1698 Arenarit'
999 1619 1093 1698 fibo,
1114 1617 1162 1678 vet
1181 1637 1262 1697 qaae
1282 1633 1367 1672 mer-

252 1708 396 1770 cimoniis
411 1705 534 1786 publice
551 1705 709 1786 praefuit,
728 1716 884 1786 susceptos
896 1704 987 1784 filios
1007 1706 1041 1764 in
1059 1723 1184 1764 numero
1205 1701 1366 1781 legitimo·
1485 1753 1486 1758 ,

252 1813 324 1852 ram
344 1789 453 1853 babere
474 1793 641 1870 voluerint,
662 1802 721 1852 cut
737 1795 864 1872 proprio
884 1785 1017 1868 iudicio,
1039 1800 1095 1848 aut
1114 1787 1214 1848 nostri
1231 1805 1365 1866 praero—
1485 1793 1486 1802 ’

153 1915 156 1922 ‹
250 1881 365 1964 patira
384 1879 533 1956 rescripti.
576 1880 661 1938 Hanc
682 1879 784 1958 legem
804 1879 936 1936 lustinus
958 1878 1135 1958 antiquavit.

337 1965 374 2022 P.
399 1967 455 2038 66,
480 1961 530 2026 15.
580 1965 756 2042 Principem
777 1957 883 2042 adigit
906 1960 952 2022 ad
977 1962 1072 2042 legem
1094 1979 1177 2019 nora
1194 1957 1364 2016 mortuita-

252 2051 336 2110 etone
361 2045 568 2126 evertendam]
607 2049 710 2108 Irmuit
736 2049 902 2128 Procopius
929 2049 1038 2106 tustini
1064 2047 1166 2126 legem
1195 2041 1238 2106 23
1266 2063 1291 2100 c.
1321 2037 1365 2097 do

252 2142 340 2211 nupt.
382 2134 497 2194 Verum
522 2129 606 2214 quod
633 2131 684 2194 hic
710 2145 844 2215 repetere
873 2153 962 2212 saepe
992 2121 1100 2212 cogor,
1129 2139 1258 2212 quatuor
1288 2127 1363 2184 illae

252 2217 370 2280 litterae
400 2219 487 2278 iuer.
524 2218 634 2300 quibus
669 2227 781 2279 nomen
807 2221 940 2278 Iustinus
969 2221 1070 2280 senior
1103 2215 1226 2278 notabat
1258 2232 1363 2285 suum,

253 2299 515 2384 quemadmodum
536 2323 626 2384 supra
647 2324 717 2386 pag.
740 2310 781 2372 28
803 2307 967 2384 Procopius
988 2305 1136 2376 narravit3
1170 2319 1285 2382 quaeve
1314 2297 1361 2354 illi

252 2388 405 2470 praefixae
427 2389 640 2450 constitutioni
658 2393 690 2452 iu
712 2393 842 2472 antiquis
863 2391 1075 2470 manuscriptis
1096 2389 1181 2448 libris
1202 2395 1301 2458 erant,
1331 2393 1363 2442 et

253 2493 309 2534 nos
330 2477 363 2532 iu
385 2477 529 2534 Vaticano
553 2477 797 2552 observavimus,
827 2474 923 2535 doctis
951 2478 1023 2534 virle
1052 2477 1278 2554 imposuerunt,
1307 2471 1363 2550 qui

253 2561 319 2618 eius
340 2570 430 2618 uotae
452 2561 680 2640 ambiguitatem
702 2561 741 2620 ad
756 2563 924 2635 Imtiuiani,
947 2579 1039 2640 quem
1061 2558 1100 2618 ad
1120 2559 1228 2619 Iustiui
1248 2575 1363 2614 nomen

226 2645 441 2724 ‘interpretari
462 2647 650 2721 maluerunt,
674 2645 834 2726 eidemque
853 2649 1098 2706 constitutionem
1120 2641 1304 2706 adscribere:
1331 2651 1362 2698 et

252 2730 404 2790 Hubertus
427 2727 595 2810 Giphanius
616 2751 684 2790 eam
705 2729 885 2791 Theodorae
905 2750 997 2792 suasu
1017 2734 1049 2788 in
1072 2727 1268 2790 commodum
1288 2747 1362 2784 mu-

252 2815 363 2874 lierum
384 2813 498 2879 editam
517 2819 713 2877 alcuiniano
736 2821 828 2878 etiam
851 2809 987 2876 credidit.
1031 2814 1092 2875 Sed
1106 2817 1214 2874 lustini
1235 2816 1360 2874 omniuo

135 2905 137 2910 ’
253 2911 315 2960 est:
334 2921 421 2983 nam
443 2905 477 2960 in
504 2899 641 2964 codicem
666 2923 728 2964 nou
751 2903 846 2964 semel
865 2897 1049 2984 irrepserunt
1069 2901 1163 2960 falsae
1184 2901 1288 2978 legum
1310 2901 1359 2956 iu·

150 2987 240 3045 {³117
255 2989 446 3067 scriptiones,
475 2999 565 3072 atque
594 2993 686 3050 etiam
708 2990 952 3070 subscriptiones.
995 2989 1102 3048 Dicam
1121 2997 1241 3049 tautum
1267 2986 1299 3044 iu
1328 3003 1359 3042 re

253 3076 404 3152 praesenti
428 3073 685 3150 exploratissimae
716 3095 861 3156 quasque.
905 3077 970 3138 1.6
999 3071 1212 3133 restituendae.
1262 3071 1295 3129 C.
1320 3067 1359 3128 de

254 3155 359 3214 advoc.
378 3157 440 3212 fiac.
458 3168 495 3214 ct
525 3159 546 3214 l.
569 3163 590 3224 7
618 3179 673 3238 per
700 3155 780 3216 hauc
804 3161 922 3236 legem,
953 3169 983 3218 et
1008 3159 1031 3217 l.
1053 3163 1074 3224 8
1095 3179 1203 3232 nemo,
1232 3167 1299 3216 tum
1327 3157 1359 3212 iu

164 3243 238 3298 tib
254 3236 433 3318 epigraphe,
457 3248 525 3300 tum
547 3245 579 3300 in
600 3253 673 3302 nota
695 3243 852 3302 consulum
874 3241 913 3302 ed
934 3244 1048 3302 calcem
1068 3243 1214 3306 mendose
1236 3253 1282 3302 est
1302 3260 1359 3298 uo-

250 3343 325 3382 men
353 3325 529 3396 Iustiniani3
558 3345 631 3384 nam
660 3346 700 3384 ex
731 3327 827 3387 tribus
858 3328 920 3386 illis
952 3329 1232 3406 constitutionibus,
1262 3329 1358 3411 prima

191 3445 194 3455 ι
253 3409 367 3468 sancita
390 3419 436 3468 est
457 3429 536 3488 anno
558 3413 666 3472 luetiui
687 3414 801 3493 prim03
825 3411 956 3474 secunda
979 3425 1009 3472 et
1029 3418 1131 3492 tertia,
1154 3434 1233 3474 anno
1255 3423 1357 3482 sext03

163 3529 167 3534 =
252 3491 439 3574 notandique
460 3507 531 3554 suut
552 3495 612 3558 duo
633 3501 742 3557 Iustini
762 3501 894 3578 Augruti
920 3501 1111 3574 consulatus,
1141 3487 1218 3558 alter
1243 3499 1358 3576 collega

252 3575 431 3660 Eutharico,
460 3581 537 3642 alter
557 3584 714 3663 Opilium
745 3594 779 3642 ut
800 3595 879 3648 recte
904 3595 950 3644 est
969 3586 992 3644 l.
1011 3589 1051 3648 23
1074 3585 1222 3646 coutrita.
1265 3585 1299 3642 c.
1321 3581 1358 3640 de

251 3665 353 3726 testib.
375 3685 447 3724 nam
468 3669 651 3730 lmtiuienus
674 3689 745 3746 omn
760 3669 879 3730 Valerio
900 3673 1035 3749 primum
1056 3671 1247 3752 cumulatum
1268 3671 1359 3748 gessit

252 3771 331 3811 enno
357 3753 474 3811 tustini.
490 3755 633 3814 eminenti
661 3757 759 3815 tertio·
802 3753 852 3816 Ad
879 3751 957 3816 hanc
986 3775 1126 3815 nonnam
1153 3751 1359 3818 emendandae

252 3849 283 3896 et
305 3839 382 3896 eliae
404 3848 484 3910 sunt,
506 3851 536 3898 et
557 3840 579 3900 l.
597 3846 618 3907 7
639 3840 751 3922 legem.
795 3843 829 3902 G.
846 3838 884 3900 dc
905 3853 967 3902 nat.
982 3841 1036 3900 lib.
1079 3843 1238 3902 Praeterea
1258 3843 1359 3920 legem

251 3924 339 3982 illam
367 3921 405 3982 de
433 3927 558 3984 scenicis
586 3925 764 3987 mulieribus
790 3929 899 3988 lustini
929 3945 994 3986 esse
1022 3946 1145 4005 prorsus
1170 3927 1280 3986 evincit
1301 3924 1359 3984 elia

252 4005 291 4064 de
320 4007 431 4066 iisdem
451 4013 577 4070 scenicis
600 4013 759 4072 iustiniani
785 4014 986 4085 constitutio,¹
1007 4011 1044 4068 ab
1065 4013 1119 4070 illa
1141 4015 1248 4072 Iustini
1268 4011 1358 4092 plane

252 4089 385 4166 diversa,
408 4097 520 4174 quippe
542 4114 619 4176 quae
640 4115 703 4157 non
724 4099 825 4164 solum
844 4099 932 4176 plura
954 4099 1067 4176 capita,
1089 4095 1144 4156 sed
1165 4101 1259 4156 etiam
1279 4099 1359 4154 auti-

251 4177 387 4236 nomiam
416 4181 581 4256 conducat,
609 4191 646 4240 ut
675 4185 779 4249 statim
806 4199 968 4261 monam.
1012 4184 1057 4242 Ea
1086 4182 1164 4241 licet'
1182 4180 1275 4244 hodie
1297 4201 1358 4240 uon

134 4261 136 4270 ‘
251 4271 351 4336 extet,
385 4281 536 4328 summam
564 4275 681 4326 umen
695 4269 760 4328 eius
793 4261 941 4328 habemus
969 4267 1000 4324 in
1029 4269 1357 4358 rescripto.1ustiuiani
