2992 4826
513 259 657 328 aaran
682 259 905 352 sumnam.
1185 265 1260 338 aas

481 459 937 549 Msorsrnsrua

155 575 323 638 Proconsal
343 575 525 637 lastinianus
548 577 766 659 Cappadociae.
809 581 927 640 Novell.
949 585 1002 648 30.

155 661 327 723 Moderator
349 665 531 723 lastinianus
553 665 766 747 Helenoponti.
809 669 926 726 Novell.
949 673 1001 734 28.
1071 659 1073 664 ’

155 747 329 808 Moderator
346 749 529 808 lastinianus
550 751 690 810 ArabIae.
733 753 852 811 Novell.
872 753 944 816 102.

156 839 301 910 Quaestor
318 835 501 894 lastinianus
526 839 687 897 exercitus.
729 839 847 898 Novell.
869 838 923 902 41.

154 919 533 1063 Prpefeptasnlustinianus
554 923 690 984 militam
711 925 827 1005 Mysiae
852 935 883 984 et
903 922 1059 1006 Scythiae.
1101 927 1220 986 Novell.
1246 925 1261 990 l

213 1015 306 1064 astrui
356 1046 366 1064 .

155 1093 278 1150 Praetor
298 1091 483 1150 lastinianus
504 1089 647 1152 Pisidiae.
688 1093 808 1154 Novell.
821 1085 905 1158 ’24.’
1008 1139 1010 1144 ,

154 1179 280 1236 Praetor
299 1177 483 1236 lastinianus
504 1175 664 1238 Thraciae.
708 1179 826 1238 Novell.
846 1182 900 1244 26.

154 1263 279 1321 Praetor
299 1263 481 1320 lastinianus
501 1263 682 1344 Lycaoniae.
725 1265 843 1328 Novell.
862 1263 915 1328 25.

154 1349 280 1407 Praetor
301 1349 484 1406 lastinianus
505 1347 741 1430 Paphlagoniae.
783 1351 901 1410 Novell.
922 1349 978 1412 29.

156 1434 264 1492 Comes
285 1433 467 1492 lastinianus
488 1431 640 1516 Phrygiae
660 1437 850 1496 Pacatianae.
893 1435 1010 1494 Novell.
1033 1431 1085 1499 24.

157 1520 264 1577 Cornea
284 1517 467 1578 lastinianus
489 1522 606 1598 pamas
630 1523 777 1580 Galatiae.
820 1521 938 1580 Navali.
960 1519 1012 1585 24.

157 1605 265 1663 Comes
286 1605 469 1664 lastinianus
491 1607 634 1666 Isauriae.
677 1607 796 1667 Novell.
817 1608 871 1670 27.

157 1689 265 1750 Comes
285 1689 470 1751 lastinianus
489 1694 594 1751 tertiae
616 1693 788 1754 Armeniae.
830 1691 949 1752 novell.
971 1693 1023 1756 81.

572 1847 848 1907 ltlrnrrrs.

156 1959 284 2040 Vandali
304 1962 463 2024 lastiniani
484 1965 668 2042 stationarii,
691 1967 800 2048 quibus
821 1973 890 2046 post
910 1959 1099 2042 triumphurn
1120 1959 1265 2026 Vandali-

199 2069 279 2123 cam,
302 2047 453 2128 praesidia
471 2051 504 2110 in
521 2053 636 2112 oriente
654 2053 818 2114 constituit.
861 2053 988 2130 Prooop.
1004 2049 1026 2108 l.
1041 2049 1063 2110 2
1081 2049 1153 2108 bell.
1169 2045 1265 2107 Vaud.

154 2137 222 2194 Non
243 2153 334 2193 saum
354 2133 446 2194 modo
461 2137 646 2198 lastinianus
662 2157 784 2213 noman,
807 2132 862 2198 aed
883 2138 976 2196 etiam
990 2131 1170 2196 Theodoraa
1193 2153 1266 2192 cou-

198 2219 278 2305 iagis
305 2221 348 2278 ita
375 2218 492 2282 studuit
519 2223 741 2287 immortalitati
768 2219 1000 2296 commendam
1031 2217 1114 2302 quod
1140 2221 1267 2278 minim

199 2305 309 2362 referre
352 2307 426 2364 iet.

155 2325 351 2448 Theodorial)
364 2325 438 2450 iras
463 2409 557 2468 prope
579 2387 793 2468 Carthaginem
812 2409 944 2466 noram,
975 2387 1050 2448 olim
1071 2385 1265 2468 dictarBaga.

198 2475 325 2550 Procop.
346 2475 369 2531 l.
392 2474 413 2535 6
435 2473 527 2532 aedis.

156 2554 347 2618 Theodorias
369 2557 439 2616 urbs
460 2559 493 2616 ia
516 2557 681 2618 confinibus
703 2553 868 2618 Colchidis.
911 2554 1023 2638 Agath.
1045 2557 1069 2616 1.
1091 2555 1124 2621 5.

156 2640 346 2706 Theodorias
367 2643 438 2702 arbs
459 2645 492 2702 ia
514 2645 585 2702 Asia
607 2645 726 2702 minori.
770 2641 886 2724 Synod.
908 2643 1012 2704 const.
1033 2644 1070 2704 V.

157 2727 400 2808 Theodoropolis
423 2727 502 2787 dieta
524 2729 684 2788 Laodicea.
727 2727 805 2788 lbid.

156 2813 400 2892 Theodoropolis
420 2815 492 2875 arba
513 2816 545 2872 in
567 2813 709 2874 Thracia.
753 2817 880 2894 Procop.
902 2814 924 2872 l.
947 2811 967 2875 4
989 2810 1082 2870 aedil.

157 2897 399 2978 Theodoropolis
420 2898 604 2978 praesidium
628 2899 666 2958 ad
688 2899 871 2958 Danubium.
915 2896 1041 2956 ibidem.

156 2981 401 3063 Theodoropolis
423 2985 581 3042 castellum
602 2987 633 3044 in
655 2983 796 3044 Thracia.
840 2981 968 3042 Ibidem.

156 3067 320 3130 Theodora
342 3068 488 3149 oppidum
510 3072 542 3128 ia
564 3071 657 3132 altera
679 3071 810 3129 llaaubii
831 3071 905 3150 ripa.
949 3064 1076 3127 ibidem.

157 3153 389 3218 Theodorianas
410 3156 541 3214 Balneae
566 3159 599 3214 iu
620 3157 731 3216 Africa.
775 3159 901 3236 Procop.
924 3155 947 3214 1.
971 3159 990 3219 6
1013 3149 1104 3212 aedil.
1147 3152 1187 3210 Ut
1207 3169 1266 3208 no-

200 3243 298 3315 mina,
321 3241 365 3298 sic
387 3251 416 3300 et
437 3242 584 3320 imagines
596 3235 718 3322 'ubique
739 3242 771 3300 in
792 3243 919 3322 imperio
942 3243 1079 3302 Romano
1102 3235 1265 3308 extabant3

199 3325 292 3408 idque
312 3329 427 3406 passim
449 3339 590 3386 aurarum
610 3327 733 3401 subditi,
759 3347 828 3390 oum
849 3345 936 3388 suam
958 3327 1141 3384 lastinianus
1162 3323 1212 3381 vel
1235 3323 1266 3378 iu

200 3413 311 3493 patinis
332 3413 525 3494 poculisque,
548 3432 583 3472 ao
604 3415 685 3478 vasis
707 3413 816 3472 caelari
837 3413 929 3474 vellet
947 3411 1098 3490 effigiem,
1120 3418 1154 3475 at
1175 3405 1267 3466 refert
1341 3439 1343 3444 ·

201 3499 348 3578 corippus
369 3498 447 3556 libro
469 3499 569 3558 tertio.

263 3585 372 3646 Aurea
387 3585 559 3664 purpureis
579 3593 738 3664 apponant
751 3581 877 3662 saeida
898 3581 1010 3640 mensis

264 3666 402 3728 Pondere
421 3689 615 3752 gemmarum
631 3670 709 3749 plus
727 3670 855 3748 gravia.
897 3669 1007 3726 Ptaus
1028 3663 1142 3743 ubique

266 3751 459 3814 lastinianus
480 3765 557 3814 erat.
731 3755 734 3768 “
1293 3808 1297 3816 .

245 3835 280 3894 P·
297 3841 361 3912 71,·
373 3843 422 3906 13.
475 3839 515 3899 Ut
536 3841 641 3897 omnia
659 3859 741 3896 nova
761 3849 789 3896 et
809 3835 846 3894 de
868 3856 923 3893 suo
946 3835 1067 3894 nomino
1089 3828 1270 3910 ditarentur]

161 3919 273 3980 Veram
292 3923 508 4002 imperatorum
528 3925 651 3984 nomina
670 3923 818 3998 abolevit,
841 3930 873 3978 at
893 3939 982 3980 suum
1003 3916 1174 3992 induceret3
1198 3935 1270 3974 nam

161 4004 329 4068 Theodosii
352 4013 456 4088 magni
476 4022 575 4070 statua
597 4019 755 4088 argentea,
778 4018 811 4066 at
832 4007 923 4066 refert
944 4009 1095 4077 Zorsaras‚
1123 4023 1139 4062 e
1162 4022 1270 4082 super-
1340 4045 1343 4053 .

161 4091 284 4158 bissirna
307 4093 447 4154 columna
472 4093 618 4170 detracta,
649 4115 736 4154 suam
762 4103 932 4174 equestrem
958 4091 1118 4172 imposuit,
1149 4086 1185 4151 da
1209 4107 1269 4170 qua

161 4187 247 4238 extat
274 4179 423 4238 Graecum
453 4183 648 4259 epigramma.
700 4183 859 4239 Praeterea
887 4198 978 4238 suam
1007 4195 1118 4236 nornen
1148 4173 1269 4258 publice

162 4265 252 4324 scribi
271 4265 386 4340 voluit,
415 4267 551 4328 omnum
578 4268 642 4328 tere
671 4277 843 4328 exterarum
865 4265 1001 4344 gentium
1023 4281 1058 4322 ac
1086 4261 1268 4344 popsdoram
