2992 4826
513 267 656 340 nomn
679 265 903 341 ALElliANlll.
1187 269 1260 342 393

158 447 331 519 temporum
351 385 492 518 aequileb
512 433 676 499 lomandes
698 447 728 498 et
749 437 899 518 cyrillum
928 432 984 498 seri
1003 453 1065 496 non
1087 437 1186 498 solum
1207 457 1263 496 an-
1326 459 1329 469 ’

158 545 232 583 num
258 543 373 582 nonum
394 523 512 602 exegit,
534 543 641 582 verum
663 525 755 582 etiam
777 525 916 606 excessit.
958 523 1151 582 Marcellinus
1171 525 1265 584 lusti-

158 611 242 668 niani
265 609 466 667 Caucellarius
487 605 563 667 duos
590 619 744 688 praeterea
764 627 885 668 menses
906 604 1008 682 addit3
1041 609 1205 688 Evangus,
1234 620 1265 668 et

157 696 224 774 ipse
244 691 437 772 synchronus
458 704 520 752 tres
541 704 659 752 tautum
681 693 763 770 dies,
797 691 864 758 l.4
891 713 918 752 c.
941 695 971 756 9.
1014 691 1129 754 sedin
1151 695 1264 754 utrius-

158 799 218 860 que
247 779 332 838 libris
360 777 506 837 mendum
533 781 633 838 inesse
660 781 762 860 palam
783 790 838 840 est.
881 781 960 837 Eam
981 781 1022 836 uit
1043 781 1190 857 Euagrius
1210 784 1265 838 lu-

158 867 272 924 stinum
293 883 371 923 auno
400 865 521 944 imperii
542 875 662 939 octavo,
691 885 795 925 mense
816 885 897 924 nouo
920 864 959 946 (is
983 873 1045 922 erat
1066 861 1205 940 Martius)
1229 885 1264 922 ao

158 951 245 1009 tertio
268 947 317 1007 die
339 951 537 1008 Iustinianum
558 952 735 1031 participem
755 951 841 1030 regni
862 950 979 1022 fecisse,
1002 959 1032 1008 et
1053 969 1123 1008 cum
1144 970 1179 1008 eo
1202 952 1264 1008 inr-

157 1054 277 1116 perasse
298 1055 417 1094 merrses
437 1045 573 1116 quatuor,
595 1034 628 1094 id
650 1047 703 1112 est,
727 1057 745 1096 o
767 1034 907 1096 Calendis
921 1035 1035 1113 Aprilis
1056 1033 1096 1092 ad
1114 1033 1263 1095 calendas

159 1121 302 1180 Sextiles.
346 1122 458 1198 Exegit
474 1139 544 1199 ergo
559 1123 690 1181 lustinus
713 1125 745 1180 iu
766 1123 894 1202 imperio
916 1139 1011 1180 anuos
1031 1139 1152 1196 novem,
1173 1141 1263 1180 men-

158 1225 223 1264 sem
252 1225 366 1280 uuum,
398 1205 462 1264 dies
483 1215 555 1266 tres.
596 1210 711 1292 Nempe
733 1207 886 1268 decimum
912 1225 1027 1268 anuum
1055 1207 1171 1284 attigit,
1201 1226 1262 1287 quo

157 1292 352 1370 magistratus
374 1291 537 1372 Cyzicenus
559 1291 688 1352 cudebat
706 1291 766 1352 boc
786 1295 955 1368 nomisma,
986 1288 1069 1374 quod
1091 1291 1128 1349 ab
1152 1288 1264 1350 huma-

157 1377 284 1434 nissimo
307 1377 371 1434 viro
393 1377 536 1458 Dionysio
560 1379 722 1440 Octaviano
744 1377 825 1440 Sada
847 1376 1009 1438 habuimus
1034 1374 1107 1454 [rid.
1130 1375 1179 1456 fig.
1203 1378 1264 1458 3];
1305 1403 1308 1410 ⁴

158 1457 244 1520 aliud
263 1457 336 1521 huic
357 1461 457 1522 simile
478 1482 497 1523 a
515 1463 692 1546 Nicopolitis
713 1485 820 1526 cusum
837 1463 951 1546 profert
971 1459 1130 1543 Adolphus
1152 1463 1241 1524 0ccc.

828 1604 831 1615 ·
943 1589 1032 1664 A†
1280 1595 1372 1654 rias

320 1715 360 1775 n.
381 1719 418 1778 n.
439 1717 633 1781 marmus.
654 1720 691 1780 e.
712 1721 749 1779 r.
766 1717 859 1780 suo.
943 1669 1100 1820 §Mx

944 1847 1033 1906 oc

157 1968 300 2028 Tertium
320 1968 453 2033 vidimus
480 1972 515 2034 in
535 1988 597 2056 quo
623 1945 731 2034 eadem
752 1991 903 2034 annorum
923 1992 1043 2065 summe
1064 1973 1179 2034 Graeco
1202 1983 1266 2034 erat
1282 1981 1308 2036 Δ
1323 1980 1360 2036 45

155 2073 283 2116 numero
304 2068 418 2117 notata.

198 2183 238 2241 Ι).
258 2185 296 2242 Ν.
317 2183 511 2246 lustinus.
531 2186 569 2245 P.
590 2186 627 2245 P.
649 2185 742 2246 Auo.
827 2187 1026 2250 moroan.
1048 2189 1171 2249 Anao.
1193 2191 1219 2248 l.

156 2305 207 2368 Ad
236 2308 327 2370 buius
354 2331 426 2371 vero
456 2311 566 2371 calculi
588 2313 737 2372 rationem
766 2315 890 2374 omnino
912 2317 1050 2376 restituas
1070 2337 1194 2376 necesse
1222 2305 1269 2376 est

158 2413 228 2452 cum
249 2397 324 2454 alios
343 2393 519 2472 historicos,
541 2407 609 2454 tum
631 2397 796 2456 editionem
814 2401 943 2458 Victoris
964 2403 1158 2476 Tuunensis,
1190 2419 1268 2482 quae
1301 2429 1309 2446 ·

157 2477 251 2537 babet
278 2501 375 2538 annos
406 2491 491 2556 octo,
520 2500 635 2540 memes
663 2501 776 2543 novem.
827 2484 1010 2564 Corrigenda
1037 2496 1193 2567 praeterea
1222 2496 1269 2545 est

158 2561 252 2624 editio
274 2565 388 2624 Graeca
410 2563 448 2623 de
469 2567 558 2626 sectis
579 2568 699 2624 Leontii
720 2563 916 2645 scholastici,
947 2571 1001 2652 qui
1022 2571 1077 2630 sub
1099 2571 1267 2630 Iustiniano

158 2649 275 2726 floruit;
304 2670 377 2708 nam
397 2671 438 2709 ex
458 2651 540 2710 vocis
562 2649 650 2716 lovios
670 2652 885 2730 similitudine,
906 2653 960 2718 ἕνα
980 2653 1088 2716 babet:
1116 2655 1268 2715 Leuncla-

158 2739 226 2796 vius
247 2737 328 2796 male
351 2747 472 2811 cantus,
493 2736 641 2796 mendum
662 2758 717 2798 sua
738 2741 984 2820 interpretatione
1005 2743 1203 2802 confirmavit.

243 2823 279 2880 Ρ.
295 2825 345 2896 67,
369 2825 399 2884 6.
444 2822 592 2904 Solusque
606 2821 800 2884 luatinmnus
821 2827 985 2906 imperavit
1007 2847 1077 2886 cum
1095 2821 1265 2906 Theodora]

158 2905 240 2964 Dum
260 2903 335 2964 baec
352 2909 516 2986 Procopius
538 2909 703 2984 scribebat,
731 2929 845 2969 annum
871 2913 903 2969 in
929 2914 1057 2992 imperio
1082 2912 1190 2990 agebat
1213 2913 1268 2969 lu-

158 2993 306 3052 stinianus
329 2990 495 3052 secundum
516 3003 546 3052 et
567 2995 766 3072 trigesimum.
803 2995 881 3069 Quid
906 3016 976 3076 ergo
999 2999 1031 3055 in
1052 3007 1188 3056 mentem
1210 3015 1267 3054 re-

158 3079 205 3135 nit
225 3075 489 3156 Pseudogordisno
510 3080 542 3138 iu
563 3079 721 3162 privilegio
742 3081 898 3142 casinensi
919 3083 1068 3162 collegam
1089 3083 1266 3156 Iustiniana,

157 3160 231 3222 inde
260 3163 297 3221 ab
320 3182 399 3222 arrno
422 3165 486 3222 eius
514 3167 698 3244 principatus
722 3163 919 3242 duodecimo,
948 3166 1019 3228 dare
1040 3168 1189 3227 lustinum
1216 3169 1267 3226 iu-

118 3243 122 3254 ’
157 3246 301 3308 niorem‘l
333 3246 491 3328 Adolphus
517 3252 608 3308 etiam
636 3251 713 3310 0ccc
740 3256 841 3312 nescio
872 3255 1144 3336 quem'Tiberiurn
1172 3255 1266 3312 lusti-

157 3337 250 3393 niuuo
271 3345 373 3394 nostro
395 3337 512 3394 socium
533 3334 617 3394 dedit
644 3338 781 3416 imperim
813 3359 870 3397 nec
900 3338 1111 3400 animadvertit
1139 3359 1265 3398 aureum

157 3421 248 3478 illum
264 3439 434 3496 nummulo,
457 3441 497 3480 ex
518 3440 578 3502 quo
599 3417 633 3479 id
651 3423 741 3497 elicit,
764 3426 922 3484 Iustiniani
942 3428 1067 3484 iunioris
1089 3443 1166 3500 esse,
1188 3435 1267 3504 quo-

159 3525 230 3566 cum
258 3505 399 3566 Tiberius
426 3505 506 3565 filius
535 3508 681 3586 regnavit.
723 3512 781 3571 soti
809 3504 906 3573 αὐτοῦ
933 3505 1084 3592 κόμματος
1116 3519 1161 3568 est
1192 3511 1269 3568 alter

160 3610 254 3670 quem
280 3591 394 3672 profert
423 3611 492 3650 curn
519 3589 576 3650 hac
605 3593 810 3672 inscriptione.
858 3615 889 3656 u.
916 3613 947 3658 rt.
975 3612 1189 3655 susurremus.
1216 3614 1269 3654 ιτ.

161 3693 407 3737 anrcnmsrrus.
452 3678 589 3759 Denique
610 3680 722 3738 frustra
742 3681 800 3740 viri
819 3678 900 3739 docti
922 3683 1032 3740 Caesar
1052 3681 1216 3754 baronius,
1239 3689 1270 3737 et

161 3761 287 3820 lacobus
305 3763 461 3824 Gretserus
488 3783 528 3821 ex
552 3763 711 3823 Iustiniani
739 3769 929 3826 nomismatis
951 3765 1026 3824 alios
1048 3767 1112 3824 eius
1137 3758 1270 3842 collegas

163 3842 321 3926 quaerunt.
364 3847 445 3907 lllud
463 3849 635 3929 proferunt,
666 3849 698 3906 iu
721 3851 806 3909 cuius
827 3870 931 3910 sverm
953 3861 1037 3932 parte
1058 3859 1121 3924 est,
1154 3867 1269 3910 vroro-

162 3947 232 3990 rtrs.
254 3947 369 3993 succo.
391 3951 422 3992 s.
474 3935 609 4014 Triplice
637 3935 737 3994 littera
768 3955 804 4016 c.¹
828 3937 885 3994 tria
909 3937 1117 4016 Augustorum
1146 3937 1270 3994 nomina

163 4015 300 4075 denotari
329 4017 454 4092 volunt3
482 4017 541 4079 hoc
566 4029 626 4096 est,
658 4041 728 4078 cum
749 4023 915 4080 Iustiniauo
936 4043 971 4080 ac
992 4019 1155 4082 Theodora
1177 4022 1269 4080 lusti-

161 4118 247 4162 num.
298 4103 394 4176 Quem
420 4103 593 4164 lustinumi
625 4105 799 4166 iuniorami
838 4107 993 4168 Reclamat
1025 4127 1095 4168 cum
1123 4107 1269 4188 Procopio

163 4190 321 4270 corippus,
346 4189 399 4268 qui
420 4192 541 4250 normisi
562 4193 695 4252 extincto
716 4195 881 4253 iustiniano
903 4187 1062 4253 Gaesarem
1083 4204 1113 4252 et
1134 4195 1268 4272 impera-

164 4283 260 4336 torem
282 4283 415 4334 creatum
437 4277 586 4338 lustinum
607 4279 700 4340 iusisse
721 4279 828 4360 relert,
852 4280 1062 4362 solemnesque
1084 4281 1157 4341 ritus
1179 4280 1268 4336 inau-
