2992 4826
243 275 319 350 394
589 279 634 350 n
659 279 770 349 msc.
794 254 992 348 mainan

242 447 407 527 guraliouis
437 445 569 506 carusius
599 443 749 507 describit.
794 445 975 508 Senioremi
1005 451 1113 510 Nonus
1137 443 1243 508 vident
1269 443 1355 506 illud

241 537 390 595 nomisma
414 553 492 592 anno
507 534 675 592 Iustiniani.
720 551 750 596 u.
773 531 905 592 secundo
927 551 1034 594 cusum
1055 530 1171 594 fnisse'l
1193 535 1260 592 ltno
1279 553 1355 591 curn

242 617 281 678 de
301 618 359 678 hac
380 639 412 678 re
440 619 629 678 consulerem
654 618 894 681 illustrissimum
915 619 1003 679 ilerd.
1025 621 1225 679 Barberiuum
1249 621 1354 678 virtum

242 704 280 764 de
308 707 392 766 oraui
416 723 526 783 genere
557 705 725 764 litterarum
750 700 828 764 bena
856 709 1016 780 meritum,
1047 723 1088 764 ex
1115 703 1264 764 ditissimo
1292 723 1353 762 suo

241 811 377 864 musaeo,
401 791 434 848 iu
456 809 515 870 quo
538 801 651 849 certant
671 791 750 848 inter
770 811 802 850 se
822 809 923 852 rerum
947 793 1109 872 arrtiqnitas
1132 801 1162 848 et
1184 789 1353 869 opulentia,

242 875 303 936 duo
331 877 458 956 protulit
485 895 575 934 aurea
599 879 780 934 nomismata
803 887 908 957 quarto
930 887 960 936 et
982 887 1069 936 sexto
1091 895 1170 935 auaro
1192 877 1355 934 iustiniani

242 981 334 1036 cusa3
363 964 394 1018 in
417 961 526 1042 quibus
554 971 600 1019 ter
621 960 831 1020 nihilomiuus·
847 965 972 1041 repetita
994 974 1039 1020 est
1056 959 1160 1020 littera
1187 979 1217 1020 a.
1263 959 1356 1018 Alte-

242 1067 311 1106 rnm
325 1045 377 1104 hic
399 1049 518 1126 accipe:
541 1049 670 1106 alterum
688 1045 827 1106 dabimus
845 1049 934 1106 iufra.
977 1050 1142 1107 lucisorum
1163 1047 1217 1105 ille
1239 1045 1356 1105 abusus

242 1143 298 1191 est.
352 1135 387 1190 ln
415 1133 475 1192 alio
508 1151 634 1191 nmnmo
662 1131 696 1196 ἐν
725 1137 781 1196 τοῦ
809 1133 949 1196 ἐναντίου
982 1143 1161 1214 peccamnt,
1191 1141 1226 1191 ut
1252 1129 1356 1190 vides.

243 1215 324 1296 [vicl.
346 1217 398 1296 lig.
421 1215 463 1298 4.]
513 1239 544 1277 n.
567 1237 598 1277 r.
619 1233 776 1278 insulsus.
802 1237 854 1279 nr.
876 1236 1090 1278 rusrrsunus.
1114 1237 1142 1277 r.
1167 1237 1195 1277 r.
1218 1234 1293 1276 anu.
1317 1218 1357 1276 iu

243 1315 304 1386 quo
326 1304 440 1362 litteras
461 1304 640 1382 singaflares,
663 1315 693 1362 et
707 1315 876 1363 extremam
893 1321 967 1364 auo.
985 1307 1140 1384 geminare
1158 1303 1356 1384 oportuisset.

242 1391 365 1467 verum,
377 1387 465 1447 haec'
476 1391 620 1448 curiosius
641 1393 799 1471 persequi,
821 1409 883 1449 non
899 1387 991 1450 huius
1013 1399 1059 1450 est
1077 1391 1141 1448 otii.

153 1481 230 1539 tls
330 1477 365 1534 P.
388 1475 447 1550 68,
471 1479 503 1540 7.
555 1475 672 1534 Nullus
697 1495 731 1534 ea
757 1487 881 1554 senatu,
903 1485 958 1534 etc.
984 1469 1210 1556 prohibendam
1236 1475 1360 1533 canuit

243 1581 307 1620 rem
328 1557 546 1641 detestabilem]
581 1562 770 1621 Contrarium
790 1563 949 1620 Aimoinus
970 1563 993 1620 l.
1014 1567 1036 1625 2
1058 1581 1084 1620 o.
1107 1561 1137 1624 5.
1182 1557 1276 1636 Quod
1288 1560 1359 1636 fa-

244 1657 329 1706 ctum
349 1645 534 1722 vehementer
554 1646 717 1706 abhorruit
733 1648 886 1727 populus,
908 1657 1092 1724 cunctusque
1108 1656 1253 1718 senatus,
1274 1641 1357 1703 adeo

242 1743 279 1792 ut
295 1733 407 1810 palam
428 1733 595 1792 clamarent
616 1735 769 1810 nefariam
796 1749 858 1791 rem
875 1733 989 1812 secisse
1009 1732 1206 1811 Augustum,
1233 1740 1269 1789 ut
1286 1749 1359 1807 pu-

243 1817 543 1876 blicae-abiectioris
563 1830 699 1877 scortum
718 1818 779 1877 sibi
793 1820 950 1898 copularet
964 1821 996 1876 in
1010 1818 1251 1876 matrimonium.
1277 1815 1359 1875 Hac

180 1947 183 1952 ,
246 1903 362 1963 Caesar
384 1906 562 1985 exagitatus
584 1907 713 1979 iniuria,
730 1905 894 1983 plerosque
914 1915 1090 1962 senatorum
1104 1901 1249 1983 pertrahi
1269 1901 1359 1960 iubet

241 1987 290 2047 ad
307 2009 414 2053 necem.
460 1991 548 2066 Quae
562 2011 609 2048 res
623 1992 657 2048 in
677 1999 800 2047 tantum
811 1993 974 2068 perterruit
989 1988 1116 2069 plebem,
1140 1999 1175 2046 ut
1188 1986 1250 2044 sibi
1264 1988 1359 2066 quie-

242 2095 300 2153 que
317 2085 450 2132 metuens
470 2075 634 2132 conatibus
653 2077 720 2132 eius
740 2076 775 2132 in
790 2086 948 2153 posterum
969 2077 1093 2133 minime
1109 2073 1233 2132 obviare
1252 2071 1358 2129 aude-

241 2170 294 2218 ret.
337 2161 419 2218 Haec
446 2175 517 2217 tera
539 2160 670 2218 siluisset
692 2159 880 2240 Procopiusi
909 2161 1036 2220 fortasse
1064 2161 1225 2219 Aimoinus
1253 2159 1357 2216 inanit

241 2245 319 2302 iacta
340 2246 374 2301 in
394 2246 595 2302 lastinianum
618 2263 686 2302 eam
708 2245 746 2302 ob
768 2265 832 2303 rem
854 2249 988 2306 muricia
1014 2249 1048 2306 iu
1072 2247 1150 2305 circo
1171 2255 1201 2304 et
1222 2241 1355 2319 theatm,

241 2327 325 2410 quod
348 2339 378 2388 et
398 2331 432 2387 in
456 2329 523 2389 aliis
545 2331 698 2390 autoribus
720 2331 862 2410 legimns.

326 2417 364 2474 P.
387 2419 439 2492 68,
461 2417 492 2478 9.
538 2417 658 2476 Nullus
671 2395 881 2496 ‘Astraeurm
910 2413 1117 2497 Epiphaniam
1138 2415 1356 2475 Constantino-

241 2494 411 2582 politannm
426 2499 629 2582 patriarcham
650 2499 700 2560 hic
721 2506 881 2583 praecipue
908 2504 1012 2581 carpit,
1035 2521 1095 2584 qno
1117 2499 1277 2573 ἐπιθέντος
1297 2495 1357 2574 ade

132 2596 156 2649 P
175 2597 228 2654 12³
242 2592 360 2674 χεῖρας,
382 2607 494 2646 manus
515 2591 682 2667 imponente
702 2607 785 2646 more
803 2585 952 2646 maiorum
971 2589 1155 2648 lastinianus
1176 2585 1270 2644 adivit
1290 2587 1354 2644 im·

242 2674 377 2752 perium,
398 2683 433 2730 ut
454 2673 585 2754 Cyrillus
606 2669 871 2754 scythopolitanus
894 2673 1036 2752 explicat.

326 2759 363 2816 Ρ.
387 2759 438 2834 68,
466 2763 516 2823 10.
562 2756 624 2836 Qui
648 2777 715 2816 eam
739 2755 895 2818 dominam
915 2767 991 2816 esset
1012 2757 1259 2835 compellaturus]
1283 2755 1353 2815 sct-

241 2841 315 2904 licet
336 2853 366 2902 et
388 2839 470 2902 hunc
490 2845 630 2925 Procopii
652 2845 754 2904 locum
774 2853 917 2923 urgeant,
940 2845 994 2924 qui
1014 2844 1103 2901 illum
1124 2843 1262 2922 Gregorii
1283 2861 1354 2899 ma-

243 2931 297 3008 gni
317 2929 405 2988 nobis
427 2929 607 3007 obtrudunt,
636 2931 689 2989 ubi
713 2931 889 2990 Mauritium
915 2933 1128 3010 imperatorem
1151 2937 1182 2986 et
1203 2929 1351 2986 Constan-

243 3017 318 3074 tiam
338 3019 508 3096 Augustam
533 3019 739 3076 sanctissimus
767 3017 907 3097 pontifex
932 3014 1072 3080 ιέονιὶηοα
1097 3023 1195 3073 vocat.
1239 3013 1352 3072 Proco-

243 3103 313 3180 pius
335 3120 428 3180 quam
449 3102 581 3160 nominis
602 3103 685 3161 illius
705 3104 817 3161 fastum
838 3105 996 3182 vituperet,
1019 3097 1113 3160 habes
1135 3100 1214 3158 infra
1230 3119 1261 3178 p.
1279 3094 1351 3161 134.

244 3185 423 3261 Gregorius,
456 3185 568 3263 aliique
589 3189 681 3264 prisci
707 3188 878 3266 pontifices,
908 3197 938 3245 et
960 3189 1082 3246 orientis
1104 3187 1238 3266 episcopi
1260 3203 1351 3266 qnam

242 3267 390 3342 modeste,
412 3278 442 3325 et
456 3271 718 3352 συγκαταβατνκῶς
731 3269 765 3328 id
779 3275 904 3350 egerint,
928 3291 1032 3330 omues
1046 3273 1231 3350 intelligunt.
1274 3272 1351 3328 Nam

243 3353 374 3412 Romani
395 3349 519 3434 quidem
540 3353 706 3434 pontifices,
729 3375 804 3436 quos
821 3377 862 3415 ex
883 3377 940 3416 usu
961 3357 1089 3437 reipubl.
1112 3355 1261 3430 dominos,
1283 3375 1351 3416 eos·

244 3437 315 3497 dem
343 3440 407 3496 iure
432 3439 510 3499 filios
532 3441 735 3522 appellabant.
778 3439 943 3502 Adrianus
962 3441 1137 3523 Episcopus
1158 3463 1264 3502 servus
1286 3462 1352 3498 ser-

241 3543 352 3586 vorum
370 3521 423 3589 ,dei
444 3522 577 3585 dominis
600 3529 752 3606 piissimis
773 3539 801 3587 et
826 3529 1029 3588 serenissimis
1054 3551 1093 3587 ac
1114 3525 1352 3608 triumplialibus

242 3607 499 3692 imperatoribus,
522 3613 608 3692 filiis
636 3611 804 3694 diligendis
831 3617 864 3673 in
885 3611 939 3672 tiso
965 3623 994 3673 st
1015 3612 1138 3673 damino
1158 3624 1263 3672 nostro
1285 3612 1353 3672 Iesu

244 3693 367 3756 Christo
392 3697 592 3757 Constantino
614 3709 643 3757 st
665 3699 770 3759 leenae
791 3699 958 3780 Augustis.
1001 3701 1041 3759 Et
1061 3705 1093 3760 in
1119 3709 1263 3758 contextu
1285 3701 1353 3778 epi-

172 3847 176 3858 ,
242 3783 356 3843 stolae:
384 3785 529 3842 Piissimi
557 3795 586 3843 et
617 3783 872 3864 tranquillissimi
900 3783 1018 3844 domini
1044 3797 1072 3844 et
1098 3785 1169 3864 filit.
1212 3782 1352 3844 Eandem

243 3867 446 3948 compellandi
463 3871 593 3929 formam
615 3871 783 3933 observavit
796 3869 927 3950 Agatho,
951 3893 1021 3930 cum
1042 3873 1072 3928 in
1088 3867 1263 3952 epigraphe,
1285 3881 1352 3928 tum

243 3957 275 4010 iu
297 3965 441 4014 contextu
468 3975 571 4014 aarum
593 3957 778 4032 litterarum,
809 3977 885 4038 quas
911 3979 965 4037 pro
989 3958 1115 4016 concilio
1138 3959 1352 4015 Constantino-

243 4039 377 4118 politano
407 4052 494 4100 sexto
529 4039 568 4099 ad
590 4041 819 4102 Constantinum
842 4043 1014 4100 Heraclium
1048 4053 1077 4100 et
1105 4042 1265 4101 Tiberium
1284 4045 1352 4101 Au-

244 4133 347 4201 gustos
370 4123 463 4184 dedit.
506 4127 556 4184 Ex
580 4127 774 4186 orientalibus
805 4137 907 4185 autem
935 4129 1083 4208 episcopis
1109 4127 1200 4208 plane
1228 4128 1353 4188 fuerunt

246 4209 406 4288 atquibus
434 4229 470 4269 eo
499 4213 546 4277 nti
570 4215 693 4270 nomine
721 4231 784 4274 nou
808 4211 914 4288 libuit,
945 4224 979 4271 ut
1000 4216 1125 4273 Leontio
1147 4213 1353 4292 Tripolitana,

246 4313 336 4372 quem
359 4313 413 4354 sua
435 4305 516 4355 aetas
540 4293 663 4362 Κανόνα
684 4299 739 4378 τῆς
758 4295 925 4378 ἐκκλησίας,
947 4299 1088 4359 ecclesias
1108 4317 1257 4379 normam,
1279 4299 1353 4358 licet
