2992 4826
511 306 655 378 NOTAE
678 307 901 396 tammus
1132 368 1135 374 .
1183 303 1260 382 395

155 475 435 539 Ariana'inlecturn
453 471 539 552 labe,
561 477 690 536 vomuit.
739 478 771 536 le
799 471 957 558 (quoniam
976 472 1029 538 bic
1048 477 1134 538 locus
1155 471 1201 540 asi
1222 479 1263 540 ds
1386 513 1390 521 ,

157 565 280 622 Graecis
304 565 461 642 episcopis,
483 575 513 622 et
533 563 723 642 imperatrice
744 559 921 642 Theodora)
942 561 982 621 ad
994 565 1158 624 Eusebium
1178 567 1264 626 Can-

157 633 260 710 stantii
289 651 464 729 coniugem,
493 649 660 708 foeminam
685 649 718 706 in
747 641 1084 728 epnecpoe'ineolenrie
1108 653 1263 731 supercilii

126 763 132 776 ·
156 738 200 794 ita
221 735 348 814 scripsit.
391 735 427 793 Si
447 731 493 792 ad
511 747 539 794 te
560 737 661 793 venire
682 753 728 793 me
747 735 896 809 volueris,
919 732 1023 794 debita
1043 737 1191 817 episcopie
1211 757 1264 796 re-

157 823 293 881 verentia
313 831 509 894 conservata,
531 831 567 878 ut
588 841 643 899 ego
665 817 787 899 quidem
809 815 989 899 ingrediar.-
1016 831 1051 879 tu
1070 831 1173 880 eutem
1193 833 1265 881 etu-

158 909 215 964 tim
235 903 272 964 de
291 906 420 965 sublimi
439 908 498 964 isto
520 906 599 964 solio
621 903 816 984 descendens,
845 919 1008 964 reverenter
1037 907 1115 965 mihi
1142 907 1265 968 eiciam

152 989 319 1072 procedas,
340 1003 369 1050 et
388 973 481 1072 capiet
500 993 578 1050 meis
597 990 741 1051 manibus
761 1011 931 1072 supponas,
953 988 1186 1052 benedictionem
1208 1009 1265 1052 ac·-
1291 991 1293 998 ’

158 1089 297 1157 captura,
319 1099 357 1136 cc
373 1075 482 1136 deinde
503 1097 558 1156 ego
574 1075 703 1151 sedeam,
721 1087 759 1135 tu
774 1074 939 1137 verecunde
959 1075 1080 1156 adstee3
1102 1099 1173 1137 curn
1194 1081 1265 1138 iue-

9 1215 10 1226 ,
55 1220 61 1236 ,
158 1185 238 1235 esre,
266 1167 356 1243 signo
379 1161 472 1239 dato,
498 1183 638 1226 sessum:
667 1165 697 1221 ai
716 1163 793 1240 lene,
820 1165 964 1243 inquam,
996 1161 1054 1222 tibi
1077 1165 1265 1224 cerediticnee

151 1250 338 1329 placuerint,
359 1250 481 1308 veniens
502 1246 547 1308 ad
567 1259 612 1308 te:
633 1252 685 1308 ein
705 1249 772 1308 alic
792 1249 891 1326 mede,
912 1267 973 1308 non
994 1259 1060 1308 tem
1081 1251 1182 1310 multe
1203 1249 1265 1310 da-
1390 1249 1391 1254 ’

157 1333 224 1411 sse,
252 1345 318 1393 tarn
345 1353 461 1415 magna
481 1354 543 1394 nen
557 1338 691 1415 peteris,
721 1345 758 1394 ut
777 1355 833 1393 nes
853 1333 966 1394 honore
986 1337 1134 1416 qriecopie
1155 1357 1267 1396 conve-

157 1423 257 1480 niente
270 1419 413 1498 negleeto,
433 1417 575 1480 divinum
588 1417 755 1480 sacerdotii
768 1421 945 1480 institutum
958 1421 1115 1482 violemus.
1158 1423 1274 1484 Graeci
1345 1479 1366 1498 ,

158 1507 271 1564 autoris
301 1501 458 1566 historiam
482 1503 577 1566 habes
607 1505 690 1588 apud
709 1503 838 1566 Suidsm
865 1503 899 1565 in'
919 1508 1057 1568 Leontio.
1100 1503 1265 1569 Theodora
1281 1509 1309 1566 V
1326 1512 1380 1568 857

121 1602 124 1610 '
158 1593 190 1648 et
209 1592 391 1650 lastinianus
420 1592 458 1650 ab
486 1591 695 1652 ecclesiasticis
724 1589 844 1650 demini
871 1590 932 1650 dici
959 1593 1136 1652 valuerunt:
1166 1613 1206 1652 an
1234 1605 1266 1652 et

159 1677 262 1735 oscsssa
287 1675 401 1756 pedum
429 1677 467 1736 ab
494 1676 605 1738 iisdem
625 1689 660 1738 ut
680 1697 699 1736 a
719 1676 903 1738 seurluibus
925 1680 1133 1760 requisierint,
1164 1677 1264 1740 dicam
1290 1757 1293 1762 Δ

158 1759 199 1820 ad
242 1802 251 1820 ·
274 1761 378 1824 133·1.
396 1766 448 1827 31.

219 1783 277 1906 p1³.
299 1849 351 1923 69,
374 1848 405 1911 9.
447 1849 529 1908 Erat
554 1843 715 1916 Theodora
734 1857 863 1906 venusta
874 1845 983 1928 secie]
1012 1847 1176 1926 Procopius
1197 1848 1219 1906 1.
1244 1851 1262 1914 1

159 1929 250 1990 aedil.
280 1929 318 1989 dc
345 1944 443 1992 statua
463 1929 645 1998 Theeieraa
673 1953 690 1992 a
716 1935 870 2013 Byzantiis
890 1935 998 2014 posita.
1040 1929 1082 1994 Ἡ
1096 1929 1152 2012 μὲν
1173 1927 1265 1996 εἰκών

158 2010 368 2100 cincinnatos,
389 2013 465 2082 ittet
485 2023 540 2099 nis
557 2019 712 2100 βασιλίδος
731 2022 775 2104 τῷ
794 2013 897 2082 κάλλει
919 2013 1062 2095 ἐλάσσων,
1083 2016 1148 2080 inei
1170 2011 1266 2098 αὐτῆς
1308 2026 1332 2080 Γ
1368 2029 1376 2050 ‘·

242 2095 1269 2268 tr‘⁹‘z·“t„inusitatiturns‘titt
1320 2121 1322 2128 ’

150 2209 279 2352 figulus
293 2211 404 2354 'inslsgc
427 2284 487 2353 eet,
515 2271 571 2332 red
590 2293 612 2332 a
627 2273 862 2356 pulchritudine
879 2274 1045 2356 Augustae
1064 2275 1153 2359 longe
1175 2274 1269 2352 abest,
1391 2313 1397 2334 .
1444 2303 1448 2310 ·

160 2378 230 2416 curn
250 2359 315 2416 eius
324 2358 451 2437 jbrmae
460 2363 686 2438 praestantium
701 2359 875 2418 humanum
895 2381 955 2418 non
967 2361 1069 2439 poerit
1090 2359 1269 2440 artificium,

158 2442 210 2500 cel
229 2462 364 2501 sermone
384 2441 557 2517 dnlercre,
585 2443 634 2504 vel
654 2445 816 2522 exprimere
836 2445 1014 2506 simulacre.
1057 2446 1146 2502 Pauli
1167 2447 1271 2504 Silen-

160 2521 240 2586 tiarii
257 2533 364 2606 poitaa
381 2527 437 2588 sub
451 2529 618 2586 Iustiniana
634 2529 769 2608 apprime
790 2529 916 2588 illustris
938 2539 1044 2587 extant
1063 2531 1087 2588 1.
1102 2529 1123 2592 4
1140 2528 1267 2589 Anthcl.
1284 2536 1309 2590 Δ
1325 2540 1361 2596 47

160 2610 221 2672 duo
244 2615 461 2693 epigrammata
482 2609 520 2671 da
536 2611 718 2676 Theodorus
739 2610 976 2694 pulchritudine.
1018 2615 1068 2674 An
1088 2612 1269 2694 Augustael

160 2697 310 2758 affinnara
332 2719 392 2758 non
415 2701 523 2759 ausim.
566 2701 649 2758 Haec
669 2701 751 2758 illius
771 2703 873 2780 imago
895 2711 940 2759 est
956 2703 1076 2762 musivo
1099 2721 1189 2781 opere
1211 2720 1270 2760 ex-

160 2803 263 2865 pressa
283 2785 443 2844 Ravennae
466 2783 541 2844 darn
563 2783 663 2844 adhuc
683 2785 814 2844 vivebat.
859 2783 938 2863 [vid.
960 2787 1010 2866 fig.
1029 2786 1072 2866 b.]

244 2872 281 2928 Ρ.
293 2871 344 2944 69,
358 2871 408 2932 15.
453 2870 545 2929 Nihil
556 2889 617 2930 nen
630 2875 664 2930 in
679 2873 835 2930 communi
848 2869 1024 2950 actitatum]
1047 2873 1130 2929 Haec
1147 2887 1268 2930 summa

160 2963 209 3014 est
234 2955 403 3014 litterarum
423 2953 604 3016 Theodorus
632 2955 672 3016 ad
695 2957 919 3035 Zaberganem,
952 2975 1026 3038 quas
1055 2975 1145 3035 supra
1163 2975 1204 3035 p.
1228 2958 1267 3020 11

160 3041 327 3119 Procopius
362 3041 486 3102 remna-
525 3041 728 3114 Quamcbrem
758 3043 918 3102 lastiniani
951 3035 1129 3124 συνεργάτην
1154 3041 1269 3100 Paulus

161 3123 352 3185 silentiarius
378 3128 536 3184 nemim
564 3121 606 3207 ἣν
627 3130 725 3203 ζῶσαν
754 3122 828 3208 εἶχες
852 3119 965 3208 einrici
987 3119 1173 3212 συνεργάτην.
1215 3129 1269 3185 iu·

161 3213 310 3270 stirrianats
344 3221 446 3269 autem
473 3215 506 3270 in
533 3212 622 3272 rebus
652 3216 837 3292 gravissinris
866 3215 1061 3272 consiliorum
1090 3213 1270 3294 participem

160 3293 304 3356 habuisse
325 3315 358 3356 se
376 3293 573 3357 Theodoram
592 3318 682 3380 saepe
703 3299 824 3358 latetur.
865 3297 984 3358 Noreil.
1000 3301 1032 3364 8.
1053 3299 1143 3358 Haec
1164 3300 1271 3357 omniu

161 3381 251 3462 apud
266 3403 323 3442 nce
343 3385 526 3462 cogitantes,
543 3393 572 3442 et
591 3384 643 3442 hic
665 3405 782 3464 quoque
797 3387 984 3464 participem
1005 3385 1128 3443 consilii
1148 3403 1272 3442 eumne-

162 3477 215 3544 tee,
237 3489 304 3527 eam
325 3489 404 3548 quae
425 3491 446 3528 a
466 3467 521 3528 elec
534 3467 613 3528 data
632 3479 676 3528 eet
692 3471 781 3529 nobie
798 3472 975 3549 piissimum
995 3472 1163 3549 coniugem.
1207 3468 1309 3528 za?
1328 3469 1380 3526 124

162 3571 250 3612 naras
277 3557 310 3614 in
340 3555 523 3630 Iustinian03
554 3547 645 3618 saitis
671 3547 763 3636 ἦττον
791 3558 848 3618 scri
874 3559 1057 3637 κρατοῦντος
1089 3555 1117 3616 ei
1146 3549 1189 3635 μή
1218 3553 1272 3617 καὶ

164 3641 279 3717 μᾶλλον
302 3635 325 3720 ἡ
350 3637 498 3715 κοινωνὸς
523 3633 609 3724 ciriaci
636 3644 693 3704 τοῦ
720 3642 790 3722 βίον
811 3636 966 3722 letiense.
1010 3639 1103 3700 Nihil
1122 3641 1189 3720 iper
1213 3642 1272 3698 irn-

160 3733 301 3802 peretcre
321 3728 439 3802 minue,
469 3727 532 3785 nias'
553 3727 646 3784 etiarn
667 3727 760 3806 plus,
789 3747 866 3785 uxor
881 3724 1025 3806 pallebat.
1068 3727 1126 3796 Qui
1147 3727 1273 3804 provin-

166 3809 237 3881 cias,
259 3817 289 3866 et
309 3815 501 3889 magistratus
522 3811 735 3892 suscipiebant,
760 3831 856 3894 aeque
878 3813 1045 3892 Iustiniana
1069 3829 1105 3868 ac
1125 3807 1274 3869 Theodo-
1347 3839 1350 3850 ·

167 3913 217 3951 rae
238 3892 346 3969 fidem,
368 3899 531 3957 iuramenti
552 3897 715 3975 religione,
736 3897 858 3976 publica
878 3896 1109 3976 profitebantur,
1132 3905 1163 3954 et
1184 3915 1273 3954 suam

166 3979 287 4058 utrique
315 3993 468 4060 acceptam
496 3982 665 4042 referebant
696 3980 890 4061 dignitatem,
928 3993 958 4041 et
985 3983 1142 4062 utriusque
1170 3999 1272 4041 servos

166 4085 232 4124 sese
255 4065 457 4143 appellabant.
499 4069 618 4127 Novell.
641 4071 661 4133 8
682 4071 715 4126 iu
735 4071 916 4127 iuramento.
958 4069 1121 4127 Belisarins
1140 4069 1173 4126 in
1194 4065 1272 4126 duo-

165 4149 222 4212 bue
245 4148 408 4239 triumphis
435 4152 474 4211 ad
494 4156 652 4213 iustiniani
672 4151 913 4236 Theodorasque
934 4155 1061 4232 vestigia
1090 4155 1167 4212 sistit
1188 4155 1274 4212 Geli-

163 4254 282 4295 merens
303 4233 492 4312 Vandalum,
520 4237 728 4322 Gotthsunqus
749 4239 910 4320 witigem,
934 4237 1025 4321 idque
1043 4258 1134 4320 opere
1153 4241 1273 4298 musivo

166 4321 199 4380 iu
227 4325 400 4403 augustaea
428 4328 578 4405 praetoria
606 4323 840 4408 exprimendum
868 4329 1051 4394 lastinianus
1079 4327 1211 4402 curarit,
1241 4333 1274 4382 ut
