2992 4826
231 181 307 258 aas
577 159 983 278 rumsrsacsum'

120 336 126 357 ’
229 350 316 436 quoti
339 351 486 416 Iustinus
507 352 683 414 mulus
710 354 876 432 isuperutor
900 363 1009 414 exucta
1029 355 1096 416 iam
1122 353 1199 413 eust
1224 363 1351 432 aucte,

227 451 257 502 et
282 441 470 590 {republicae
494 439 645 522 gerendae
668 439 759 501 baud
785 441 907 500 omniuo
923 443 1055 522 peritus.
1096 435 1172 503 vste
1192 439 1274 500 inira
1295 439 1348 500 acl

305 526 399 590 attn.
423 527 454 591 6.

227 547 261 609 P·
313 614 350 672 P.
372 611 424 687 46,
446 613 478 676 9·
520 609 716 672 lastiniam
735 611 853 672 sororis
870 605 971 692 filine]
990 611 1026 669 ln
1046 609 1229 674 assensit
1249 601 1349 673 itea-

191 747 192 755 ,
229 697 350 776 usiosis,
371 699 415 758 sic
437 699 528 757 etiam
549 699 709 777 Euagrius,
730 707 761 758 et
781 699 913 779 cyrillus
933 693 1199 778 scythopolitanus
1220 697 1349 754 Prooc-

228 786 273 864 pii
302 783 462 864 aequales3
495 781 700 864 Theophanes
725 803 813 860 vcro,
845 794 876 843 et
903 785 957 842 alii
983 784 1162 863 posteriores
1192 775 1346 861 ἇνρψσδν,

122 865 145 920 P
163 865 214 920 1⁰4
230 870 407 928 Anastasius
428 866 679 928 Bibliothecarius
698 869 789 934 vertit
806 879 956 950 nepotem,
978 869 1108 928 Graecae
1129 869 1211 926 vocis
1234 866 1348 924 ambi·
1452 896 1460 941 ρ

71 951 75 964 ’
139 935 214 991 Ηῑ
231 956 378 1033 gnitatem
399 964 535 1031 secutus,
564 973 642 1036 quae
668 965 735 1014 tum
762 973 803 1013 ex
823 955 931 1032 fratre,
959 963 1026 1013 tum
1053 973 1094 1012 ex
1114 971 1214 1014 sorore
1235 951 1348 1010 filiam

230 1039 389 1118 significat.
432 1037 508 1100 Vide
530 1059 608 1122 quae
628 1057 720 1121 supra
739 1041 910 1100 notavimus
931 1038 971 1098 ad
991 1059 1023 1120 p.
1039 1041 1082 1102 22
1102 1039 1158 1098 lin.
1176 1038 1229 1102 38.
1270 1039 1347 1096 La·-
1471 1073 1472 1082 ο

134 1195 137 1210 ,
230 1127 288 1185 tini
309 1127 374 1185 eius
395 1126 538 1206 temporis
559 1123 694 1184 historici
714 1126 904 1206 explicatius,
925 1125 1118 1184 Marcellinus
1138 1125 1171 1182 in
1191 1120 1346 1182 chronico
1451 1104 1457 1135 ¹

232 1231 386 1272 execrare
405 1221 540 1291 nepotem
559 1209 658 1272 ttxit:
687 1211 732 1270 sic
752 1211 844 1270 etiam
865 1207 1043 1286 laniandas,
1067 1210 1121 1292 qui
1142 1227 1221 1268 anno
1240 1209 1344 1268 lusti-
1455 1220 1461 1253 ²

231 1297 317 1354 niam
337 1297 610 1379 vigesimaquarta
638 1296 802 1371 scribebat,
830 1307 860 1356 et
880 1297 1084 1356 Avunculum
1102 1297 1251 1354 lustinum
1275 1313 1344 1374 ap-
1455 1318 1460 1367 ξ

146 1417 147 1420 =
231 1383 373 1462 pallarit,
402 1401 514 1464 nempe
544 1384 650 1442 matris
676 1383 836 1442 Iustiniani
861 1381 997 1442 fratrem.
1038 1379 1176 1441 Andreas
1197 1381 1342 1440 alciatus

231 1467 255 1526 l.
277 1465 315 1542 l,
347 1465 497 1548 dispunct.
520 1489 546 1528 c.
564 1470 603 1544 7,
633 1477 663 1528 et
684 1467 835 1528 Hubertus
857 1469 975 1527 Goltius
995 1468 1029 1525 in
1049 1469 1153 1543 fastis,
1174 1468 1344 1525 lastiniani

232 1563 390 1632 parentem
409 1555 559 1614 lustinum
577 1554 724 1614 iecerunt.
765 1555 903 1613 Fortasse
923 1555 995 1635 quia
1013 1555 1057 1612 sic
1078 1573 1149 1612 eum
1166 1553 1199 1610 iu
1220 1555 1345 1610 consti-
1454 1596 1463 1619 ,

128 1669 134 1678 ·
231 1639 398 1699 ustionibus
426 1659 516 1721 saepe
542 1642 728 1702 lastinianus
754 1639 943 1718 nominarit3
973 1636 1028 1700 sed
1041 1709 1042 1718 ρ
1056 1637 1213 1720 adoptatus
1240 1648 1286 1698 est
1319 1657 1343 1697 a
1455 1644 1459 1657 '

231 1725 363 1802 lustina,
385 1744 446 1784 non
468 1729 599 1804 genitus.

315 1813 351 1870 Ρ.
373 1808 424 1888 45,
449 1811 499 1876 10.
540 1803 651 1887 Aetate
671 1810 787 1893 iunior]
809 1813 923 1872 Gracco
944 1820 989 1872 est
1008 1809 1121 1892 κομιδῆ
1138 1805 1221 1883 ricc,
1237 1808 1343 1888 plaiae

230 1893 416 1958 adolescens.
457 1898 554 1970 Quoto
576 1900 681 1959 aetatis
703 1917 782 1958 anno
804 1895 843 1958 acl
864 1899 1082 1978 rempublicam
1102 1898 1260 1955 accesserit
1279 1897 1341 1952 lu·
1450 1894 1461 1971 ρ·

229 1983 394 2056 stinianus,
426 1983 505 2040 inter
526 1985 665 2064 antiquos
687 1985 845 2062 scriptores
864 2002 928 2042 non
949 1985 1104 2057 convenit,
1132 1983 1233 2040 mium
1253 1981 1354 2038 inter·

229 2069 421 2125 recentiores.
463 2067 616 2127 Hubertus
636 2067 805 2149 Giphanius
826 2071 858 2127 in
881 2087 992 2126 comm.
1012 2066 1051 2126 de
1071 2069 1179 2126 lustin
1200 2065 1256 2124 sub
1269 2067 1338 2124 Ze-

229 2167 310 2208 nona
336 2153 516 2232 imperatore
538 2155 661 2212 consule
683 2155 795 2213 Fausto
816 2163 936 2228 numm,
965 2171 1007 2212 ex
1026 2153 1202 2211 Marcellino
1222 2152 1336 2224 refert3

229 2253 337 2294 rernm
364 2235 397 2294 id
423 2239 456 2295 in
476 2239 652 2298 Marcellino
672 2258 824 2320 nusquam
844 2239 994 2317 δορίπονα,
1027 2235 1220 2316 Theophilus
1240 2238 1336 2296 lusti·-

229 2321 315 2378 niani
343 2333 518 2403 praeceptor
542 2325 615 2384 licet
642 2326 697 2384 sub
718 2327 842 2384 Zenona
869 2335 900 2383 ot
919 2325 1029 2384 Acacio
1053 2319 1221 2404 patriarcha
1242 2319 1335 2396 dicat,

120 2405 147 2459 V
161 2406 213 2466 ³18
230 2409 421 2468 consulatmn
439 2419 542 2484 tamen
562 2413 676 2470 reticet.
718 2411 883 2470 Paurinius
899 2410 926 2470 l.
945 2413 966 2474 3
986 2411 1150 2484 iustorum,
1164 2467 1165 2478 ,
1179 2427 1258 2467 anno
1278 2427 1336 2466 ae-

230 2494 302 2551 tatis
325 2504 429 2573 quarto
452 2505 483 2554 et
510 2494 739 2575 quadragesimo
768 2497 931 2576 imperium
951 2497 1083 2575 cepisse,
1110 2493 1196 2552 nnllo
1217 2503 1332 2570 autore,

150 2605 153 2614 ¹
229 2589 349 2653 narrat3
372 2579 498 2638 tortasse
520 2583 636 2660 accepit
656 2601 673 2639 a
693 2583 826 2655 Zonara,
849 2583 902 2661 qui
923 2583 1063 2660 quintam
1084 2589 1114 2638 et
1137 2577 1334 2660 quadragesi·-

230 2681 319 2722 mum
346 2675 430 2723 notat
457 2684 580 2752 annum.
622 2668 762 2745 Pugnare
787 2676 891 2724 umen
918 2685 1023 2724 secum
1043 2667 1175 2724 Zonaras
1199 2661 1330 2738 videtur,

230 2747 284 2806 ubi
309 2759 410 2807 narrat
436 2752 586 2810 Iustinum
607 2753 790 2810 avunculum
818 2769 971 2811 recusasse
990 2753 1190 2811 lastinianum
1209 2751 1332 2828 imperii

230 2836 348 2893 socium
367 2833 494 2912 habere,
516 2847 606 2918 atque
627 2836 661 2896 id
680 2837 856 2918 urgentibus
877 2837 1063 2918 principibus
1085 2834 1216 2911 dixisse;
1244 2833 1345 2894 vobis·

231 2919 402 2998 optandum
423 2932 466 2979 est
486 2943 522 2981 ue
542 2923 625 2982 huuc
639 2943 816 3002 purpuram
836 2925 939 2983 iunior
964 2923 1081 3003 uliquis
1102 2919 1231 2981 induat:
1257 2939 1330 2980 nam

193 3055 196 3064 ,
230 3023 292 3062 non
320 3016 366 3064 est
392 3008 493 3081 iunior
521 3010 575 3088 qui
597 3011 729 3088 quinque
751 3021 782 3068 ct
804 3007 1001 3089 quadraginta
1029 3027 1177 3068 annonam
1205 3017 1259 3068 eet.
1299 3009 1329 3066 Α

230 3092 347 3148 Zonara
368 3109 476 3168 parum
500 3089 648 3171 discrepat
667 3091 868 3171 Nicephorns,
898 3097 951 3174 qui
976 3113 1054 3152 anno
1081 3095 1186 3152 aetatis
1209 3103 1329 3171 octoge-

231 3177 308 3232 simo
329 3171 461 3233 sectando
475 3177 675 3234 lastinianum
695 3177 805 3238 obiisse
822 3179 935 3238 scribit.
978 3177 1137 3238 Scholium
1154 3179 1192 3236 ab
1214 3175 1328 3237 erudito

230 3261 295 3318 viro
317 3257 499 3338 descriptum
522 3261 596 3318 olim
616 3259 731 3320 offendi
755 3265 788 3322 in
813 3263 1017 3343 manuscripto
1041 3266 1195 3334 Vaticano.
1240 3267 1329 3326 Κοσ-

230 3343 371 3406 crastiua
391 3342 414 3425 ἡ
434 3341 546 3428 γαμετή
568 3348 747 3430 Μαρριαίοο
768 3346 927 3432 δγὲννησεν
946 3345 1034 3421 οἰδα,
1059 3344 1098 3414 δν
1117 3345 1135 3412 δ
1156 3349 1330 3432 Μαορδααος

230 3421 403 3508 ἐπωνόμαζε
425 3428 593 3496 Θεοδόσιον.
635 3437 698 3496 τοῖν
725 3423 783 3498 οὖν
802 3433 938 3497 Βανδσαν
953 3428 1140 3517 ’κραζόντων
1161 3427 1337 3498 tacuisse--

230 3509 284 3578 νδν
304 3518 479 3589 καλεῖσθαι,
511 3516 544 3580 oi
564 3512 715 3600 Πρᾶσινοα
736 3517 860 3602 ἔκραζον
881 3513 1061 3596 Θεοδόσιον,
1088 3515 1138 3582 διδ
1159 3514 1193 3584 si
1219 3512 1328 3584 Θεοδό-

230 3618 298 3664 σιον
324 3594 378 3662 siu
406 3599 529 3709 ρασαλδα
556 3595 725 3685 σ’ρθόδοξον
750 3603 911 3687 γενέσθαι,
941 3603 994 3668 καὶ
1022 3601 1118 3670 πολλοὶ
1145 3603 1196 3685 ἔτη
1232 3607 1328 3686 ζῆσαι.

199 3709 207 3764 ρ
227 3681 360 3768 ἤρξαντο
383 3709 441 3750 cuv
462 3687 494 3750 oi
510 3685 631 3751 Βένετοα
651 3686 763 3771 λέγειν,
796 3686 834 3754 roi
862 3690 1040 3774 δωρηθέντα
1067 3689 1118 3772 ἔτη
1138 3695 1184 3752 coi
1210 3682 1327 3754 Ἰσοστα-

227 3775 327 3856 νιανῷ
348 3769 366 3838 o'
387 3765 503 3853 Iliacae
528 3767 676 3854 παράσχοι
697 3793 746 3837 σοι
772 3773 806 3838 δν
834 3771 955 3863 σδρήνρ,
985 3773 1034 3839 ὅσα
1053 3775 1112 3839 εἶσὶ
1139 3753 1168 3837 ¹2¹
1193 3773 1245 3858 δτη
1275 3775 1326 3838 sul

228 3857 332 3921 utria.
381 3855 405 3936 ef
431 3852 487 3938 γὰρ
521 3855 581 3938 ζωαὶ
612 3863 669 3922 τοῦ
696 3859 852 3940 βασιλέως.
871 3860 1036 3924 Θεοδοσίαν
1062 3858 1177 3944 ἐγένετο
1206 3859 1256 3942 ἴση
1286 3853 1326 3927 ν’.

232 3939 437 4018 Constautiua
458 3943 606 4001 Mauritii
631 3947 741 4006 canius
763 3947 872 4024 filium
889 3947 1015 4026 genui,
1047 3967 1136 4026 quem
1156 3947 1328 4008 Mauritius

234 4023 435 4086 Theodosium
452 4029 650 4102 .nominavts;
677 4041 711 4089 ot
737 4031 844 4092 Veneti
870 4031 1079 4092 lucinianum
1107 4029 1339 4112 appellandum

230 4108 464 4173 venundemus.-
485 4122 592 4172 contro
610 4115 740 4177 Prasiai
765 4113 978 4198 lheodccium,
1006 4115 1092 4198 quod
1111 4119 1164 4178 ills
1183 4115 1337 4178 ortlsodo-'

230 4217 290 4258 sus
299 4195 418 4277 suerit,
447 4196 563 4280 diuque
581 4201 701 4268 cuerit.
748 4201 830 4264 Tuos
850 4203 955 4266 Veneti
974 4203 1204 4282 ucciausarunt,
1233 4203 1336 4268 lusu-2
