2992 4826
215 188 292 264 ero
565 183 965 280 trasumenus
1038 225 1040 228 -

191 354 385 438 x,cedrenum
416 345 505 430 uiroc
530 349 588 434 ris
613 355 670 422 τοῦ
695 343 833 434 σώματος
852 341 1034 432 desiccatio
1054 340 1115 430 εἶχε
1134 343 1232 432 βραχύ
1251 343 1338 429 seri-

216 445 289 530 ζονα
308 447 365 506 τοῦ
385 439 486 522 μέσον,
507 433 638 522 ἐρυθρὸς
656 431 714 520 τήν
770 431 840 500 osuio
859 431 990 518 xenonis
1009 431 1062 500 sal
1081 427 1337 518 sinecimnopov

215 528 352 612 βλέπων,
381 525 433 590 eet
453 521 509 606 triv
530 519 668 606 repetis
694 459 769 604 noll
789 515 886 603 κόμης
908 515 1018 596 uilloc
1045 517 1153 602 amois
1173 515 1337 600 ἐψιλωμέ-

215 637 284 695 νην.
326 612 401 674 Fuit
415 622 539 670 statura
554 611 690 692 corporis
706 607 939 690 aliquantulum
959 603 1139 666 mediocrem
1158 603 1337 680 excedente,

217 701 315 760 colore
336 697 446 775 rubro,
468 695 710 777 aspectabilem
730 705 758 756 et
777 693 927 771 versatili,
947 693 1047 772 capite
1067 689 1115 750 ad
1134 711 1238 750 comae
1249 691 1337 772 prel-

217 782 424 862 eirritodinem
443 781 588 842 nonnihil
602 779 724 861 glabro.
774 782 882 840 Omnia
910 775 1092 858 respondent
1117 777 1336 856 Procopianae

218 869 430 950 descriptioni3
453 865 536 950 quod
556 887 628 927 vero
649 863 734 926 addit
755 863 909 925 cedrenus
931 861 969 922 de
991 879 1093 938 corna,
1115 872 1146 922 et
1167 864 1332 972 capillitio,

217 953 439 1112 perpendemus
460 955 625 1012 accuratius
646 949 686 1011 ad
705 973 737 1032 p.
758 951 811 1016 63.
852 951 936 1010 Fasti
949 947 1164 1010 Alexandrini:
1183 969 1226 1031 ην
1247 943 1284 1010 δὲ
1308 945 1337 1028 η’

233 1039 286 1103 tte
308 1030 524 1104 'Icoonotovoti
549 1041 605 1102 τοῦ
632 1033 778 1118 βασιλέως
801 1029 984 1116 severitis,
1015 1029 1182 1118 tinentiae,
1203 1028 1332 1136 ,iwerin

218 1117 396 1209 impietati,
418 1120 589 1226 drapalia,
611 1115 818 1225 arpoyyailosp,
839 1115 1009 1203 εὔμορφος,
1030 1111 1333 1202 ἆνθηροψσωως,
1459 1087 1474 1153 't

217 1207 390 1316 sinoyeloiv,
413 1211 590 1294 μιξοπολιος
609 1205 667 1290 τήν
687 1229 801 1293 nacor,
820 1202 854 1272 ri
872 1203 989 1290 γένειον
1009 1205 1120 1288 κείρων
1141 1205 1183 1279 oie
1203 1205 1237 1270 oi
1253 1201 1331 1267 ‘Prs-

217 1302 321 1380 μαῖοι,
350 1317 485 1378 marroc,
512 1287 688 1368 indicator·
737 1295 816 1354 rau
842 1291 1041 1354 lastinianus
1068 1287 1205 1350 rotunda
1227 1291 1332 1370 facie,

215 1393 411 1464 pectorosus,
435 1374 606 1460 candidae,
625 1400 699 1442 raro
717 1378 847 1462 capillo,
868 1377 1068 1454 recalvaster,
1088 1374 1234 1436 rotundis
1253 1389 1332 1436 ocu-

207 1469 277 1544 lis,
302 1469 478 1546 formosos,
500 1463 620 1550 florido
647 1475 789 1546 aspectu,
819 1461 1000 1540 subridens,
1028 1461 1198 1542 sulcantes,
1228 1471 1334 1522 mento

219 1574 314 1617 rasae
333 1556 397 1614 ritu
419 1553 646 1629 Romanorum,
673 1571 751 1612 naso
771 1551 869 1630 iusto,
895 1547 1054 1612 solabor.
1096 1546 1160 1618 Sed
1178 1546 1254 1607 haec
1274 1557 1334 1606 tu-

170 1659 182 1716 )
219 1639 380 1698 multuarie
411 1659 452 1698 ex
479 1637 604 1699 dirersis
632 1637 786 1698 autoribus
808 1633 881 1696 hino
907 1631 980 1694 iude
1008 1633 1148 1714 decerpta
1174 1631 1333 1694 ridentur.

185 1740 188 1748 '
220 1721 309 1797 Quod
338 1727 380 1784 eit
407 1734 506 1784 mento
532 1741 626 1784 rasae
651 1727 715 1784 ritu
736 1723 966 1800 Romanorum,
995 1721 1038 1780 ita
1059 1721 1194 1780 Gentiles
1222 1739 1334 1779 omnes

220 1811 417 1890 imperatores
444 1821 513 1869 ante
540 1807 724 1884 Adriauum,
754 1809 807 1890 qui
833 1817 912 1884 teste
933 1807 1031 1866 Dione
1058 1807 1176 1886 primus
1204 1805 1333 1864 barbam

219 1897 334 1956 nutrire
356 1897 474 1974 coepit,
503 1905 572 1976 post
594 1895 824 1956 Corutantinum
843 1895 978 1956 Iulianus
998 1894 1162 1972 Apostatn,
1185 1891 1238 1972 qui
1259 1883 1334 1949 eam
1358 1911 1363 1949 t

220 1981 259 2040 ob
282 1999 348 2038 rem
368 1983 400 2038 in
413 1977 619 2040 Antiocheuos
639 1973 845 2062 aroonoiyosva
864 1980 994 2058 scripsit.
1036 1980 1109 2038 Post
1129 1979 1332 2037 {lastinianum

219 2067 335 2144 passim
357 2067 463 2124 Graeci
492 2067 688 2145 imperatores
717 2066 844 2126 barbati.
886 2067 980 2123 Porro
1009 2063 1164 2122 calvitium
1184 2065 1217 2122 in
1237 2065 1334 2121 lusti-

220 2151 329 2224 nian0‚
356 2151 491 2226 nummi,
520 2161 656 2228 extremo
679 2153 744 2210 eius
772 2151 899 2230 imperio
922 2150 987 2208 cusi
1008 2151 1134 2208 murinae
1157 2147 1333 2208 ostendunt.

221 2235 297 2294 Eius
319 2232 396 2294 haee
416 2237 517 2316 imago
540 2247 602 2312 est,
630 2239 791 2296 Ravennae
819 2231 952 2294 secundo
979 2243 1011 2294 et·
1035 2236 1183 2318 vigesimo
1210 2235 1333 2315 imperii

222 2315 309 2380 anuo
322 2323 441 2382 mosivo
465 2342 555 2404 opere
577 2342 730 2404 expressa.
775 2319 857 2400 [vid.
876 2319 928 2402 fig.
954 2319 995 2400 1·]

129 2411 156 2466 Δ
171 2409 227 2487 29Ι
268 2379 345 2466 ιἸ).
368 2406 419 2484 65,
440 2409 472 2470 6.
515 2409 563 2470 Ne
582 2409 762 2468 Domitiani
781 2427 898 2486 nomen,
921 2405 970 2466 orl
988 2414 1098 2464 statua
1117 2404 1187 2464 ulla
1206 2403 1333 2484 extaret]

117 2475 407 2568 P1¹⁰Suet0ntm3
429 2505 554 2556 senatus
573 2490 649 2554 adeo
664 2493 801 2554 metatur
821 2503 876 2568 eet,
895 2502 933 2552 ut
951 2501 981 2550 et
1000 2491 1104 2550 scalae
1124 2493 1138 2548 i
1153 2491 1245 2568 sarri,
1266 2488 1334 2569 cly-

216 2599 362 2658 peosque,
381 2589 409 2638 et
430 2581 582 2658 imagines
600 2581 666 2638 riae
687 2598 792 2638 coram
806 2575 938 2652 detrahi,
958 2587 987 2634 rt
1008 2573 1119 2635 ibidem
1136 2510 1203 2634 lisca
1225 2577 1333 2656 affligi

109 2729 112 2740 ⁸
224 2661 356 2741 iuberet,
391 2665 555 2724 novissime
587 2661 754 2724 radendos
787 2661 900 2743 tibique
931 2661 1058 2740 titulos,
1094 2657 1333 2741 abolendamque

121 2805 124 2812 .
224 2768 341 2807 omnem
368 2753 545 2810 memoriam
572 2747 749 2834 decerneret.
797 2745 884 2808 Idem
910 2747 1033 2809 uberius
1063 2747 1144 2808 Plin.
1172 2749 1207 2808 iu
1233 2750 1333 2810 Pane-

224 2835 350 2914 gyrico„
638 2903 652 2912 Η
998 2857 1000 2860 ·
1121 2880 1129 2900 ,

309 2923 344 2980 Ρ.
368 2918 419 2995 55,
440 2920 491 2986 10.
534 2921 615 3004 Erat
631 2916 828 2998 Domitiano]
849 2921 932 2978 Haeo
952 2937 1032 2996 rmus
1054 2917 1193 2978 omnium
1209 2914 1331 2980 histori-

225 3024 329 3065 corum
349 3007 513 3086 Procopius
533 2999 641 3068 refert:
668 3023 742 3064 uam
761 3007 844 3065 necis
864 3004 1031 3070 Domitiani
1053 3006 1206 3064 consciam
1225 3005 1330 3062 Domi-

224 3091 301 3148 tiam
322 3091 483 3167 coniugem
503 3091 598 3152 misse
620 3092 754 3170 scribunt
774 3093 832 3150 Dio
855 3091 992 3166 Cassius,
1012 3083 1230 3166 Philostratus,
1252 3089 1329 3150 Sex-

140 3183 142 3194 “
224 3183 274 3232 tus
295 3174 445 3250 Aurelius,
468 3175 615 3251 Georgius
635 3175 806 3254 Syncellus,
832 3185 862 3233 et
883 3177 936 3234 alii
958 3176 1075 3250 Graeci,
1095 3178 1257 3256 Latinique
1277 3195 1331 3234 au-

225 3267 317 3316 tores.
359 3258 405 3314 De
433 3255 498 3316 eius
526 3257 632 3318 iuuere
659 3269 760 3320 uenat
787 3257 863 3318 haec
891 3260 1055 3322 Suetonius
1064 3271 1081 3338 ,'
1109 3258 1242 3322 cadaver
1269 3262 1332 3330 rius

220 3341 371 3422 populari
393 3339 563 3422 sandapila
586 3365 645 3424 prr
670 3343 839 3426 vespilonee
865 3356 1059 3426 exportatum
1080 3347 1205 3426 Pityllie
1231 3347 1332 3404 metria

225 3429 259 3486 in
285 3427 462 3490 suburbano
490 3450 548 3488 eoo
570 3431 690 3492 Latina
718 3432 773 3492 via
791 3429 967 3511 feneravit.
1009 3435 1092 3491 Haec
1113 3443 1216 3492 tornea
1243 3429 1331 3489 fidem

224 3513 430 3594 Procopianae
450 3515 614 3576 narrationi
633 3535 696 3576 non
718 3519 877 3591 mutuant,
908 3535 977 3576 oum
1001 3519 1031 3576 ei
1056 3528 1159 3578 eontra
1186 3505 1332 3594 nilril‘dif

226 3609 313 3674 cant3
345 3610 376 3659 et
396 3601 560 3660 Domitiani
588 3621 714 3662 aeneam
734 3604 900 3682 lanuginem
929 3613 1016 3662 autor
1046 3601 1086 3662 ad
1117 3623 1172 3663 sua
1198 3613 1331 3682 tempora

225 3685 257 3743 in
280 3687 359 3746 cliro
382 3687 552 3766 Capitolino
579 3697 699 3747 extasse
728 3689 874 3764 affirmet,
900 3685 960 3748 hoc
987 3691 1089 3769 ipsum
1117 3685 1199 3770 qnod
1225 3696 1331 3760 narrat,

119 3777 207 3834 vast
226 3783 510 3851 repraesentantem,
532 3793 594 3832 non
616 3775 717 3834 solsun
735 3773 850 3848 forma,
872 3772 927 3835 sed
949 3777 1041 3836 etiam
1061 3777 1204 3854 inscripto
1227 3773 1332 3832 titulo:

225 3875 298 3914 nam
325 3857 384 3917 fuit
404 3858 569 3938 Procopius
596 3851 690 3920 homo
714 3863 868 3920 Romanae
893 3861 1081 3942 antiquitatis
1104 3861 1330 3932 curiosissimus,

227 3949 260 3998 ut
281 3945 396 4020 passim
422 3945 455 4001 in
476 3943 561 4004 libris
582 3942 620 4002 de
645 3945 726 4005 bello
748 3943 852 4006 Gottlr.
873 3946 1019 4023 singulari
1041 3943 1199 4025 diligentia
1221 3943 1331 4006 descri-

226 4027 321 4106 pserit
341 4028 423 4087 urbis
445 4029 582 4104 moenia,
602 4040 720 4109 portas,
744 4032 876 4105 cloacas,
898 4033 978 4106 rias,
1000 4029 1153 4108 aedificia,
1176 4029 1330 4101 suburbie;

227 4109 389 4192 nullusque
409 4113 464 4172 illo
486 4115 623 4174 exactius
644 4127 842 4197 prosequatur
862 4117 944 4175 viam
964 4119 1110 4197 Appiam,
1135 4119 1257 4178 Aeneae
1278 4135 1330 4172 na-

227 4197 362 4276 vigium,
393 4201 584 4260 mausoleum
605 4198 748 4278 Adriani,
781 4202 866 4262 boris
886 4203 1057 4282 Myrouioni
1078 4205 1199 4288 signnm
1217 4203 1250 4262 iu
1271 4201 1329 4260 loro
